2279 3261
435 724 458 742 10

436 1191 458 1208 15

436 1967 460 1984 311

484 171 540 201 108
959 154 961 156 ’
1194 166 1406 193 CASSIODORJ

479 255 555 286 orbe
587 254 769 285 celebratae
801 263 863 282 non
896 252 1017 283 habent
1047 252 1130 283 hunc
1163 253 1324 285 honorem.
1378 254 1611 285 arithmeticam
1646 255 1784 294 indicas,
1818 255 1985 287 auditoriis
2015 261 2119 288 vacat.

477 306 671 347 geometria,
707 315 778 335 eum
807 307 932 334 tantum
962 303 1001 334 de
1030 304 1227 335 caelestibus
1257 304 1415 346 disputat,
1447 309 1571 336 tantum
1601 306 1754 338 studiosis
1785 307 1968 348 exponitur.
2018 312 2120 339 astro-

476 357 584 387 nomia
608 359 640 387 et
663 356 786 386 musica
810 355 978 386 discuntur
1001 355 1042 386 ad
1066 356 1233 387 scientiam
1258 357 1368 387 solam.
1407 357 1631 398 Agl-imensori
1648 369 1724 389 vero
1740 358 1852 389 finium
1875 359 1914 390 lis
1940 363 2009 391 orta
2033 370 2119 391 com-

477 408 624 442 mittitur,
653 411 688 437 ut
711 407 953 438 contentionum
977 408 1172 449 protervitas
1202 408 1397 439 abscidatur.
1442 408 1539 439 iudex
1570 411 1620 439 est
1647 410 1758 450 utique
1787 411 1864 441 artis
1895 421 1987 451 suae,
2016 412 2120 443 forum

478 459 578 500 ipsius
595 459 664 499 agri
682 458 802 489 deserti
820 461 907 489 sunt:
926 459 1100 490 fanaticum
1120 459 1232 495 credis,
1252 470 1347 501 quem
1360 460 1513 491 tortuosis
1532 460 1699 491 semitibus
1716 461 1883 492 ambulare
1901 463 2121 504 conspexeris.

476 511 595 541 indicia
627 510 784 552 siquidem
816 522 922 542 rerum
953 511 1038 542 inter
1069 512 1166 542 silvas
1198 522 1331 553 asperas
1363 514 1395 542 et
1424 511 1555 542 dumeta
1583 512 1758 553 perquirit,
1790 523 1853 543 non
1881 513 2025 544 ambulat
2053 514 2122 545 iure

477 562 647 600 communi,
672 563 725 593 via
740 563 786 593 illi
804 566 854 594 est
870 562 967 594 lectio
989 573 1057 599 sua,
1082 562 1222 593 ostendit
1246 562 1331 603 quod
1355 562 1444 601 dicit,
1468 562 1584 604 probat
1608 562 1693 603 quod
1717 562 1839 602 didicit,
1864 564 2031 604 gressibus
2056 566 2122 596 suis

476 614 730 645 concertantium
754 615 823 645 iura
848 614 1003 645 discernit
1033 616 1064 644 et
1093 624 1180 644 more
1210 614 1387 644 vastissimi
1415 614 1555 644 fluminis
1584 614 1655 644 aliis
1685 615 1789 656 spatia
1817 615 1915 653 tollit,
1947 616 2020 647 aliis
2050 627 2123 647 rura

476 666 635 697 concedit.
691 665 898 708 Quapropter
933 666 1127 697 auctoritate
1162 668 1273 696 nostra
1309 665 1431 696 suffulti
1465 666 1564 697 talem
1600 666 1726 707 eligite,
1769 670 1843 708 post
1880 677 1976 708 quem
2014 671 2123 709 partes

478 717 672 749 erubescant
706 717 885 759 impudenti
910 718 1014 748 fronte
1051 717 1192 757 litigare,
1230 719 1389 757 quatenus
1424 727 1650 758 possessorum
1686 718 1756 748 iura
1788 718 1922 749 confusa
1955 729 2027 750 esse
2059 730 2123 750 non

476 769 629 809 debeant,
654 769 769 810 quibus
795 772 845 800 est
867 769 1089 800 necessarium
1115 768 1211 799 rebus
1236 769 1373 810 propriis
1397 768 1553 800 adhibere
1578 769 1747 801 culturam.

1256 941 1349 972 LIII.

736 1009 999 1040 APRONIANO
1025 1010 1236 1041 ILLUSTRI
1257 1010 1366 1042 VIRO
1391 1010 1548 1042 coniri
1572 1010 1873 1042 PRIVATARUM

1078 1062 1399 1094 THEODERicus
1424 1062 1527 1093 REX.
1941 1090 1971 1111 a·
1989 1081 2148 1120 507s511.

580 1131 814 1172 Magnitudinis
832 1134 961 1162 vestrae
978 1133 1136 1164 relatione
1155 1133 1371 1175 comperimus
1397 1133 1581 1173 aquilegum
1599 1131 1737 1163 Romam
1759 1132 1891 1163 venisse
1916 1132 1955 1163 de
1980 1134 2126 1174 partibus

479 1183 653 1221 Africanis,
678 1183 733 1213 ubi
759 1194 811 1214 ars
835 1184 905 1225 ipsa
930 1195 986 1226 pro
1012 1185 1151 1215 locorum
1178 1185 1323 1215 siccitate
1348 1194 1465 1225 magno
1491 1183 1598 1214 studio
1619 1194 1747 1225 semper
1764 1184 1934 1222 excolitur,
1959 1185 2011 1225 qui
2029 1184 2126 1215 aridis

477 1235 556 1265 locis
581 1245 681 1276 aquas
707 1234 783 1265 dare
808 1235 911 1276 possit
937 1236 1091 1270 imatiles,
1121 1240 1157 1267 ut
1180 1236 1338 1267 beneficio
1363 1246 1421 1266 suo
1446 1235 1587 1266 habitari
1610 1235 1709 1266 faeiat
1732 1235 1802 1266 loca
1825 1235 1925 1266 nimia
1954 1236 2126 1268 sterilitate

479 1287 610 1318 siccata.
657 1286 728 1317 Hoc
759 1286 853 1317 nobis
885 1290 1011 1328 gratum
1041 1288 1139 1318 fuisse
1170 1298 1344 1328 cognosce,
1377 1290 1536 1328 quatenus
1567 1286 1726 1317 industria
1757 1287 1813 1317 illa
1844 1287 2001 1318 maiorum
2031 1287 2124 1319 libris

481 1339 630 1380 exposita
664 1338 782 1369 nostris
814 1339 1016 1379 temporibus
1046 1339 1171 1370 venerit
1200 1339 1421 1380 approbanda.
1474 1338 1574 1380 signis
1603 1338 1721 1380 quippe
1752 1338 1924 1370 virentium
1953 1339 2127 1370 herbarum

478 1401 515 1421 ac
544 1390 740 1431 proceritate
770 1389 921 1420 arborum
949 1390 1149 1420 vicinitatem
1182 1390 1305 1431 colligit
1338 1390 1493 1421 decenter
1526 1389 1695 1421 undarum.
1746 1390 1841 1421 terris
1875 1390 1975 1429 enim,
2011 1390 2127 1432 quibus

434 1448 445 1467 2¹
478 1441 580 1472 dulcis
609 1452 699 1471 umor
722 1451 786 1472 non
811 1441 907 1482 longe
932 1441 1058 1477 subest,
1089 1443 1221 1473 ubertas
1252 1442 1452 1483 quorundam
1481 1443 1659 1483 germinum
1690 1453 1819 1484 semper
1848 1443 1984 1481 arridet,
2014 1446 2050 1474 ut
2079 1446 2129 1474 est

477 1494 591 1524 iuncus
620 1493 785 1534 aquatiliS,
818 1504 919 1524 canna
950 1494 1046 1529 levis,
1077 1494 1204 1525 validus
1233 1494 1347 1532 rubus,
1381 1494 1464 1525 salix
1494 1495 1597 1530 laeta,
1631 1495 1771 1536 populus
1803 1494 1910 1525 virens
1941 1498 1973 1526 et
2004 1495 2129 1537 reliqua

479 1545 630 1576 arborum
659 1556 797 1586 genera,
828 1556 910 1586 quae
939 1548 1048 1576 tamen
1076 1546 1161 1577 ultra
1190 1549 1338 1577 naturam
1369 1557 1459 1577 suam
1490 1546 1575 1577 felici
1604 1546 1799 1587 proceritate
1823 1546 2000 1578 luxuriant.
2046 1546 2129 1578 Sunt

479 1602 511 1629 et
535 1598 598 1628 alia
631 1598 725 1628 huius
758 1597 835 1628 artis
866 1597 997 1628 indicia:
1032 1608 1103 1628 011111
1133 1601 1226 1628 nocte
1257 1598 1452 1629 adveniente
1482 1598 1555 1629 lana
1585 1598 1671 1629 sicca
1699 1598 1731 1628 in
1760 1600 1879 1628 terram
1907 1598 2038 1639 ponitur
2065 1598 2128 1629 iam

478 1650 637 1691 provisam
662 1652 694 1679 et
718 1649 787 1680 rudi
814 1649 953 1680 caccabo
977 1652 1063 1680 tecta
1088 1650 1289 1691 relinquitur,
1317 1653 1408 1688 tunc,
1438 1650 1464 1680 si
1493 1660 1596 1691 aquae
1624 1649 1817 1691 proximitas
1846 1649 2004 1688 arriserit,
2032 1661 2128 1682 mane

435 1709 459 1725 2¹⁵
478 1701 587 1732 umida
617 1701 787 1742 reperitur.
842 1701 910 1731 sole
940 1704 1049 1732 autem
1079 1701 1243 1732 declarato
1269 1701 1436 1732 intuentur
1460 1701 1558 1732 etiam
1582 1701 1729 1741 magistri
1756 1701 1827 1732 loca
1857 1701 1985 1732 solliciti
2014 1705 2047 1733 et
2074 1702 2128 1732 ubi

479 1763 577 1794 supra
609 1756 728 1784 terram
759 1753 896 1784 volitare
929 1752 1171 1794 spissitudinem
1201 1753 1486 1783 minutissimarum
1519 1753 1749 1794 conspexerint
1778 1752 1905 1783 omnino
1934 1764 2128 1793 muscarum,

479 1807 555 1835 tunc
573 1805 765 1846 promittunt
781 1804 955 1835 laetificale
980 1804 1065 1846 quod
1091 1805 1255 1846 quaeritur
1279 1804 1426 1835 inveniri.
1466 1804 1589 1835 addunt
1613 1804 1711 1835 etiam
1735 1804 1768 1835 in
1792 1805 1960 1836 columnae
1986 1805 2128 1847 speciem

480 1856 622 1897 conspici
640 1855 800 1897 quendam
818 1856 1042 1887 tenuissimum
1055 1856 1188 1891 fumum,
1207 1857 1259 1898 qui
1277 1860 1397 1898 quanta
1413 1856 1508 1887 fuerit
1526 1855 1698 1887 altitudine
1715 1859 1882 1898 porrectus
1901 1856 1941 1887 ad
1958 1867 2128 1896 summum,

479 1911 603 1938 tantum
626 1909 658 1939 in
682 1908 779 1939 imum
804 1908 917 1939 latices
942 1909 1044 1939 latere
1068 1912 1275 1949 cognoscunt,
1306 1912 1341 1939 ut
1365 1909 1425 1939 hoc
1450 1909 1491 1939 sit
1515 1908 1672 1947 mirabile,
1702 1908 1786 1949 quod
1810 1918 1868 1949 per
1890 1908 1971 1939 haec
2000 1909 2128 1949 aliaque

480 1960 572 2001 signa
599 1960 727 1990 diversa
756 1970 909 1991 mensura
940 1959 1073 1991 definita
1101 1960 1309 2002 praedicitur,
1342 1964 1463 2002 quanta
1492 1959 1714 2002 profunditate
1747 1960 1897 2001 quaesita
1920 1963 2127 1991 monstretur.

479 2011 671 2052 praedicunt
699 2013 796 2043 etiam
827 2022 959 2054 sapores
988 2022 1159 2053 aquarum,
1193 2015 1228 2042 ut
1255 2022 1314 2042 nec
1343 2022 1461 2052 aspera
1490 2011 1697 2053 dispendioso
1727 2011 1838 2042 labore
1863 2011 1982 2043 debeat
2006 2011 2129 2052 quaeri,

480 2073 538 2093 nec
574 2063 676 2094 duleis
712 2065 960 2105 necessariaque
994 2064 1151 2095 inhonora
1187 2064 1357 2095 contemni.
1410 2063 1504 2094 Hanc
1541 2063 1710 2094 scientiam
1746 2063 1958 2105 sequentibus
1994 2063 2128 2105 pulchre

585 2201 632 2225 111
636 2201 715 2226 [sm]
720 2201 816 2233 oxmj)
820 2201 892 2234 ΗΓ)

587 2288 599 2312 1
619 2288 687 2312 hunc
706 2289 742 2312 his
756 2286 778 2311 0
865 2286 1059 2320 arithmeticam]
1080 2288 1178 2319 KPAR,
1202 2289 1361 2313 arithmetica
1375 2289 1501 2320 plerique,
1526 2288 1700 2313 arimethicam
1719 2287 1783 2318 MN,
1807 2288 1964 2312 arismctrica
1983 2287 2009 2312 Ε
2094 2289 2130 2313 in>

481 2330 558 2363 dicas]
580 2331 687 2361 LRA'J’,
713 2332 781 2356 dicas
800 2332 942 2358 MOXXIJ,
965 2332 1038 2356 dictis
1058 2332 1104 2361 AO,
1129 2333 1190 2357 dicis
1207 2332 1278 2363 Gar„
1303 2333 1412 2363 sbi-insse
1432 2332 1510 2356 dictas
1587 2330 1730 2363 auditoriis]
1750 2331 1882 2355 adiutoriis
1902 2330 1931 2354 K
2038 2329 2054 2354 2
2072 2339 2130 2363 geo-

482 2375 553 2398 metri
572 2374 610 2397 l1¹¹
648 2383 706 2399 eum
724 2374 832 2406 tantum]
853 2383 910 2399 cum
930 2379 1014 2399 tamen
1034 2375 1138 2398 LRKE
1171 2376 1281 2399 5111110515
1294 2375 1332 2399 L¹
1404 2374 1420 2399 3
1438 2375 1557 2399 dicuntur
1576 2375 1623 2399 Ma
1663 2375 1823 2407 agrimessori
1838 2374 1872 2403 K,
1891 2375 2091 2406 agrimensorum
2107 2374 2129 2397 ()

481 2417 497 2442 4
516 2417 676 2449 protei-uitas]
698 2419 836 2450 proteruias
856 2418 902 2449 111,
926 2423 1025 2451 propter
1044 2419 1111 2443 uitas
1127 2418 1149 2443 ζ)
1219 2419 1383 2443 abscindatur
1403 2419 1440 2442 ,1⁹
1511 2417 1609 2450 utique]
1630 2419 1715 2449 itaque
1735 2416 1898 2441 KMONXE
2005 2417 2020 2441 5
2039 2418 2130 2442 deserti

482 2460 550 2493 sunt]
566 2461 762 2485 desertissimum
777 2462 800 2485 Γ
834 2462 957 2486 coi-tuosis-
969 2460 991 2486 Ο
1027 2461 1168 2494 semitibus]
1183 2461 1311 2491 thalsP,
1323 2462 1418 2486 semitis
1432 2461 1523 2492 reliqtaei
1582 2461 1597 2485 (i
1612 2461 1717 2485 indicias
1730 2458 1751 2484 O
1811 2459 1825 2484 7
1841 2461 1915 2484 lectio
1928 2468 1975 2484 sua
1989 2460 2043 2491 (tua
2054 2459 2128 2492 EF>]

483 2512 502 2528 s.
516 2503 531 2528 l.
545 2504 582 2526 ⁴1⁸
622 2505 711 2536 probat
790 2504 806 2528 8
825 2505 889 2529 tollit
908 2514 954 2529 01¹1.
973 2505 1009 2528 E¹
1088 2504 1104 2528 S
1122 2504 1191 2537 rura]
1212 2514 1275 2537 pura
1294 2504 1425 2534 JIOXE2,
1450 2505 1523 2536 plura
1542 2503 1639 2527 XE¹F
1705 2502 1721 2527 9
1739 2502 1846 2535 suffulti]
1873 2503 1953 2527 fulciti
1973 2503 2071 2528 suffulti
2090 2503 2127 2527 Ει

482 2545 514 2570 14
533 2547 689 2579 aquilegium
704 2547 768 2570 lm.-
788 2548 922 2579 aquilegus
944 2548 1007 2572 redi!
1026 2548 1052 2572 [ιι
1071 2548 1140 2571 titulo
1155 2548 1273 2579 Hispano
1287 2548 1312 2572 C.
1326 2547 1348 2571 I.
1360 2547 1389 2571 L.
1405 2548 1436 2578 11,
1448 2546 1514 2571 2694
1604 2546 1635 2571 16
1654 2555 1719 2578 poss.
1733 2546 1785 2571 dar.
1796 2545 1954 2570 MONXEA
2009 2545 2128 2578 imatiles]

481 2590 617 2614 uernutiles
628 2589 821 2620 JIOXXEJM,
835 2591 958 2615 uenatiles
971 2591 1032 2614 Gar.
1069 2591 1183 2615 habitare
1195 2591 1216 2614 L
1282 2589 1313 2614 17
1328 2591 1405 2614 fuisse
1415 2594 1518 2622 gratum
1527 2590 1563 2613 ⁴1⁹
1595 2589 1638 2613 ill*
1650 2589 1692 2613 Ba
1754 2588 1783 2613 21
1800 2589 1880 2613 rubus
1890 2589 1941 2613 ual.
1950 2588 1987 2612 Ae
2020 2588 2080 2613 salis
2089 2586 2130 2612 0³⁴

534 2631 608 2664 laeta]
622 2633 692 2657 lenta
706 2632 794 2656 EFAe
835 2633 947 2665 pupulus
962 2633 1000 2657 L¹
1071 2633 1104 2658 2'2
1118 2633 1213 2665 tamen]
1228 2639 1327 2659 tantum
1340 2634 1503 2658 JIOXXEF
1569 2632 1601 2658 23
1615 2638 1681 2658 terra
1694 2633 1718 2657 P
1784 2632 1817 2657 ‘26
1831 2641 1907 2665 super
1918 2632 2054 2657 MOXXE
2087 2633 2129 2656 uol

482 2677 554 2708 spiss.
575 2677 761 2708 (pissitudinem
776 2676 830 2705 1⁸⁷¹.)
851 2675 920 2708 mim]
940 2678 1000 2701 min.
1020 2678 1069 2701 1101.
1090 2678 1160 2709 spiss.
1178 2678 1215 2701 A&
1269 2678 1427 2710 conspexerit
1443 2677 1467 2701 P
1560 2676 1592 2701 27
1612 2674 1756 2707 laetificale]
1776 2676 1837 2700 laeti
1856 2676 1931 2700 facile
1943 2674 2128 2700 MONXEFA

475 2721 590 2752 jot-tasse
604 2724 668 2743 recle
712 2720 829 2744 columbe
841 2719 865 2743 Ιί
951 2719 984 2744 28
1003 2722 1114 2753 conspici
1132 2730 1178 2745 0111.
1190 2721 1216 2745 Ε
1301 2720 1334 2746 29
1354 2726 1422 2745 tanto
1435 2721 1472 2745 Ae
1516 2721 1541 2744 111
1554 2718 1642 2752 imum]
1657 2721 1683 2744 111
1696 2728 1776 2744 unuln
1788 2719 1821 2747 X,
1840 2720 1915 2744 ctiam
1929 2720 1979 2744 imo
1992 2717 2014 2743 O
2052 2719 2130 2743 latero

482 2772 529 2787 om.
541 2763 579 2786 L¹
617 2763 726 2787 mirabili
738 2763 762 2786 R
798 2763 864 2794 quod
884 2762 936 2795 per]
956 2764 1076 2795 quicquid
1091 2764 1149 2791 LK,
1168 2765 1290 2796 quidquid
1303 2764 1326 2788 I?
1362 2762 1473 2796 aliaque]
1494 2768 1519 2788 et
1535 2763 1617 2788 aliaR
1687 2762 1721 2788 30
1738 2770 1858 2787 mensura
1871 2771 1918 2786 om.
1930 2761 1971 2786 R¹
2008 2766 2130 2786 mostren-

482 2811 523 2831 tur
537 2806 563 2830 E
665 2805 695 2830 31
717 2807 898 2838 praedicuntur
917 2806 954 2830 AO
1024 2807 1154 2839 dispendio
1169 2805 1191 2831 0
1261 2808 1370 2832 debcant
1388 2807 1414 2831 E
1518 2805 1551 2831 32
1569 2807 1595 2831 in
1614 2807 1708 2831 honore
1727 2805 1754 2830 Ε
1821 2805 1897 2830 sciam
1918 2805 1945 2829 N
