2279 3261
677 192 872 218 VARIARVM
894 193 952 221 Vll.
976 194 1013 219 19.
1032 194 1072 220 ⁴2⁴).
1095 196 1134 220 21.
1154 196 1196 220 22.
1216 197 1256 221 23.
1276 196 1316 221 24.
1762 200 1824 228 215

173 286 269 317 quam
293 277 460 317 putaveris
486 288 558 308 esse
584 278 769 310 tardandas.
816 280 862 310 ita
885 283 921 310 ut
945 283 976 311 te
1003 281 1232 323 excipiendum
1258 293 1330 313 esse
1357 294 1416 313 non
1443 283 1622 319 existimes,
1648 295 1742 325 quem
1768 295 1825 315 nos

174 328 370 359 credidimus
394 329 625 361 adiuvandum.
672 342 745 362 nam
775 331 801 362 si
831 331 908 373 quid
932 332 1037 363 minus
1068 333 1165 364 fuerit
1196 344 1290 375 quam
1323 335 1491 375 oportebat
1522 336 1662 372 illatum.
1693 336 1732 367 de
1765 337 1827 367 tuis

174 379 233 411 hoc
257 380 385 411 noveris
410 381 621 413 facultatibus
646 383 833 414 eruendum.

945 495 1055 526 XXII.

404 561 620 593 FORMULA
647 562 983 595 COMMoNJTORH
1011 564 1101 596 ILLI
1126 565 1182 596 ET
1207 565 1297 596 ILLl
1324 565 1599 597 senlNIAmls

757 615 817 646 DE
842 615 962 647 BINIS
988 616 1045 647 ΕΤ
1070 617 1243 648 TERNIS.

274 682 348 713 Non
382 683 567 714 dubitamus
600 696 672 716 esse
708 687 946 726 gratissimum,
986 687 1113 728 quando
1150 688 1221 729 quis
1258 690 1479 718 commonetur
1515 688 1654 719 officium
1692 688 1826 730 implero

173 738 374 776 susceptum,
405 736 480 777 quia
510 736 589 767 illud
621 741 669 767 est
697 738 805 779 potius
836 750 950 779 grave,
982 739 1007 769 si
1033 739 1124 770 miles
1150 740 1238 770 vivat
1263 740 1381 775 otioso,
1414 740 1463 770 cui
1489 743 1642 781 quaestus
1668 743 1717 770 cst
1741 741 1825 771 actio

172 797 244 825 sua,
274 787 377 818 honor
404 788 591 829 principalis
625 789 790 821 iniunctio.
838 791 950 821 similis
981 791 1067 822 enim
1098 791 1254 822 discincto
1287 791 1435 830 habetur,
1467 792 1519 833 qui
1544 792 1679 832 ignobili
1704 793 1825 834 torpori

173 837 375 879 relinquitur.
422 843 622 881 quapropter
645 851 704 881 per
728 841 937 872 indictionem
963 842 1051 872 illam
1076 842 1116 873 ad
1141 843 1228 873 illam
1253 853 1310 873 vos
1337 843 1536 885 provinciam
1561 844 1708 875 iubemus
1732 855 1824 875 acce-

172 889 265 920 dere:
289 893 324 920 ut
341 900 413 921 cum
438 890 544 921 iudice
571 892 622 922 vel
648 892 716 922 eius
743 893 849 924 officio
875 894 959 924 intra
983 894 1069 925 diem
1094 894 1157 925 kal.
1176 894 1366 926 Martiarum
1391 906 1473 937 quae
1498 895 1537 926 de
1563 896 1646 926 binis
1670 900 1703 927 et
1727 897 1826 927 ternis

171 942 335 982 quantitas
370 943 570 974 sollemniter
606 945 798 985 postulatur,
836 945 875 976 ad
911 946 1035 976 comitis
1072 957 1235 977 sacrarum
1271 947 1403 983 scrinia,
1439 948 1623 989 postposita.
1659 948 1826 985 dilatione,

172 993 337 1034 dirigatis,
366 994 412 1025 sic
437 998 560 1034 tamen.
591 999 626 1026 ut
650 1007 710 1028 nee
735 997 894 1028 aerarium
920 1001 1064 1028 nostrum
1089 998 1209 1039 aliquid
1234 999 1339 1030 minus
1364 1010 1382 1030 a
1407 1000 1643 1030 consuetudine
1669 1000 1827 1042 percipiat

170 1055 230 1076 nec
246 1056 420 1086 possessor
437 1057 535 1088 supra
551 1047 680 1078 modum
695 1048 909 1090 professionis
928 1050 1087 1080 exsolvat.
1124 1053 1156 1080 et
1174 1061 1235 1081 non
1250 1050 1406 1082 dubitetis
1420 1052 1678 1082 commonitionis
1694 1055 1824 1083 nostrae

170 1096 352 1139 periculum
377 1099 550 1138 sustinere.
575 1099 602 1130 si
626 1099 702 1141 quid
727 1103 834 1131 actum
860 1104 971 1132 contra
995 1102 1134 1143 priscum
1159 1102 1304 1133 ordinem
1330 1103 1531 1144 potuerimus
1556 1114 1746 1144 agnoscere.

936 1264 1065 1295 XXIII.

688 1332 907 1364 FORMULA
924 1333 1099 1364 VICARII
1124 1334 1311 1365 PORTUS.

275 1400 442 1431 Beneficia
466 1405 578 1432 nostra
601 1403 725 1443 gratiae
743 1406 819 1433 tuae
838 1403 1026 1444 specialiter
1042 1403 1166 1439 damus,
1191 1404 1216 1434 si
1235 1407 1266 1434 te
1285 1414 1383 1444 agere
1402 1405 1575 1435 commissa
1593 1405 1828 1436 rationabiliter

171 1452 402 1494 approbemus.
444 1464 503 1484 nec
522 1454 608 1484 enim
626 1455 886 1486 inremuneratus
904 1456 1003 1493 iaces,
1029 1456 1055 1486 si
1074 1459 1107 1487 et
1123 1456 1261 1498 populos
1282 1456 1470 1497 peregrinos
1488 1456 1666 1497 prudenter
1682 1457 1826 1498 excipias

173 1508 205 1535 et
229 1508 413 1535 nostrorum
439 1506 634 1536 commercia
658 1506 827 1537 moderata
851 1508 1049 1549 aequalitate
1076 1518 1260 1549 componas.
1302 1518 1375 1538 nain
1401 1508 1479 1538 licet
1502 1508 1622 1549 ubique
1647 1509 1689 1539 sit
1713 1518 1826 1539 ncces-

172 1556 258 1587 saria
282 1556 466 1598 prudentia,
498 1557 530 1587 in
554 1557 614 1588 hac
639 1559 746 1599 potius
772 1559 897 1589 actione
922 1559 1050 1590 videtur
1074 1559 1293 1591 accommoda,
1325 1558 1453 1600 quando
1478 1559 1562 1590 inter
1586 1559 1665 1590 duos
1691 1561 1827 1601 populos

171 1612 348 1639 nascuntur
379 1619 506 1650 semper
537 1610 731 1646 certamina,
764 1611 824 1641 nisi
853 1611 951 1642 fuerit
980 1612 1103 1642 iustitia
1134 1611 1305 1642 custodita.
1352 1614 1551 1653 quapropter
1581 1614 1650 1641 arte
1675 1611 1826 1653 placandi
1847 1619 1857 1636 2

172 1663 246 1691 sunt
278 1661 331 1702 qui
363 1671 469 1692 mores
500 1661 639 1692 afferunt
669 1662 848 1693 simillimos
878 1663 996 1699 ventis,
1030 1674 1163 1704 quorum
1193 1663 1254 1693 nisi
1284 1663 1373 1704 prius
1403 1663 1501 1694 animi
1531 1666 1763 1704 temperentur.
1796 1664 1826 1693 in

172 1715 392 1754 contemptum
424 1714 601 1744 maximum
630 1714 739 1744 nativa
768 1715 923 1745 facilitate
956 1716 1137 1756 prosiliunt.
1184 1725 1247 1757 qua
1277 1714 1317 1746 de
1353 1726 1386 1746 re
1420 1715 1598 1746 modestiae
1632 1718 1707 1746 tuae
1742 1716 1828 1746 fama

171 1765 337 1805 provocati
369 1775 462 1795 curas
496 1765 582 1796 illius
607 1769 719 1807 portus
744 1777 802 1807 per
826 1766 915 1797 illam
941 1767 1150 1797 indictionem
1176 1770 1207 1797 tc
1233 1767 1354 1798 habere
1379 1777 1566 1800 censemus.
1596 1770 1631 1797 ut
1656 1767 1763 1797 omnia
1786 1767 1826 1797 ad

172 1819 263 1846 tuum
291 1816 419 1847 titulum
449 1817 647 1858 pertinentia
676 1818 721 1848 sic
756 1829 850 1859 agas,
883 1818 1155 1859 quemadmodum
1185 1818 1224 1849 ad
1259 1819 1393 1849 meliora
1424 1818 1606 1860 pervenias.
1653 1819 1683 1849 in
1716 1819 1824 1860 parvis

173 1869 257 1899 enim
282 1868 427 1907 discitur,
453 1869 504 1900 cui
528 1870 656 1910 potiora
680 1873 897 1911 praestentur.

927 1999 1074 2030 XXIIII.

580 2069 798 2100 FORMULA
823 2068 1048 2100 PRINCIPIS
1074 2067 1421 2099 DALMATIARUM.

1847 904 1869 921 lo

1846 1344 1868 1361 15

276 2137 398 2179 Magna
421 2138 505 2169 inter
529 2138 674 2179 collegas
700 2149 773 2169 snos
798 2138 1028 2180 praerogativa
1051 2137 1235 2176 decoratur,
1260 2137 1406 2178 quisquis
1432 2138 1515 2178 gerit
1533 2138 1678 2168 militiam
1698 2139 1826 2169 nominc
1860 2178 1867 2182 μ

172 2189 385 2230 principatus
424 2191 628 2231 cognoscitur
646 2191 730 2221 enim
749 2191 855 2221 locum
873 2200 970 2231 agere
987 2190 1190 2231 prinutrium:
1216 2189 1344 2230 quando
1362 2189 1393 2220 in
1410 2190 1508 2220 rebus
1533 2189 1683 2220 humanis
1709 2201 1827 2231 magna

172 2252 246 2283 pars
270 2242 435 2272 nominum
461 2243 577 2273 asserit
602 2242 832 2273 excellentiam
857 2242 1061 2283 dignitatum.
1108 2241 1168 2272 hoc
1193 2241 1289 2271 ctiam
1315 2242 1361 2272 tui
1387 2241 1450 2272 loci
1480 2241 1634 2282 probatur
1664 2243 1825 2284 exemplo,

173 2293 242 2324 sine
267 2304 328 2335 quo
353 2304 413 2325 nec
439 2295 605 2325 secretarii
630 2298 816 2336 praestatur
841 2305 993 2325 accessus
1012 2304 1071 2324 nce
1088 2293 1317 2335 postulationis
1336 2304 1455 2334 pompa
1470 2294 1647 2334 peragitur,
1673 2293 1824 2335 totusque
1845 2302 1861 2318 1²¹

171 2345 225 2376 illc
243 2345 357 2377 iudicis
374 2346 490 2387 genius
515 2346 561 2377 ita
585 2347 643 2377 tibi
668 2347 796 2387 legibus
821 2346 974 2388 probatur
998 2345 1149 2377 creditus,
1174 2349 1209 2376 ut
1233 2345 1302 2376 sine
1327 2348 1358 2375 te
1385 2348 1527 2386 nequeat
1551 2356 1622 2376 esse
1648 2346 1825 2387 perfectus.

274 2467 454 2499 LRKP(1·edit
472 2469 504 2492 ab
523 2476 559 2500 ep.
574 2467 693 2500 24)E(F)

278 2545 289 2569 l
311 2546 440 2578 putabet-is
453 2545 491 2569 L¹
564 2546 713 2570 ‹rm-dandas
728 2545 755 2569 Κ
824 2548 847 2568 te
866 2553 913 2568 om.
928 2544 955 2568 F
1027 2543 1164 2575 existimes!
1191 2544 1296 2568 extimes
1316 2543 1416 2574 EFA‘,
1440 2544 1556 2568 aestimes
1571 2545 1608 2568 ⁴1⁰
1714 2546 1730 2568 ’.ἱ
1748 2544 1825 2568 credi-

172 2597 229 2612 mus
242 2588 324 2612 KEF
425 2588 440 2613 6
460 2593 634 2613 commonetur
648 2588 674 2612 Κ
779 2586 792 2611 ’ἶ
813 2591 930 2619 questum
946 2587 986 2611 La
1090 2588 1106 2608 8
1125 2591 1224 2619 torpore
1239 2587 1265 2611 E
1362 2586 1391 2611 11
1413 2591 1474 2619 post.
1496 2587 1549 2611 soll.
1567 2587 1620 2611 RF
1723 2587 1754 2611 13
1773 2596 1826 2619 pro>

173 2630 299 2663 sessionis]
321 2632 486 2663 possessionis
500 2631 528 2655 F
594 2629 807 2662 commonitionis}
822 2630 979 2660 BER-1¹12),
1001 2631 1176 2654 commotionis
1190 2629 1334 2654 LKArU)e
1442 2629 1472 2654 14
1492 2630 1576 2663 peric.]
1603 2640 1648 2654 nos
1668 2631 1742 2663 peric.
1760 2630 1783 2654 Κ
1791 2630 1823 2653 'hl

224 2675 362 2706 poterimus
376 2675 399 2698 A
507 2674 538 2698 16
557 2678 642 2699 nostre
657 2674 684 2697 Κ
752 2673 786 2705 te]
812 2683 827 2698 a
845 2679 870 2697 te
884 2673 912 2697 Κ
1018 2672 1047 2697 1ῖ
1067 2677 1136 2698 taces
1151 2673 1174 2697 Jz'
1244 2672 1277 2705 et]
1301 2682 1346 2705 per
1368 2678 1391 2697 et
1406 2673 1446 2697 1”1
1553 2674 1584 2698 15
1607 2675 1638 2698 sit
1661 2683 1714 2698 nec.
1740 2674 1781 2697 111ι.
1796 2673 1827 2698 F.

171 2717 213 2741 ub.
233 2726 288 2742 nec.
307 2718 340 2742 sit
354 2718 378 2741 A
486 2717 517 2742 19
537 2718 639 2750 quando
663 2717 801 2741 certamina
824 2717 839 2740 i.
859 2717 881 2740 d.
903 2725 925 2748 p.
946 2725 1015 2740 uase.
1036 2725 1134 2749 semper
1152 2717 1257 2741 crimina
1278 2717 1397 2746 (crimina
1416 2716 1534 2747 deletum)
1549 2716 1576 2741 F
1677 2717 1709 2740 22
1729 2715 1826 2746 natiual

171 2768 256 2784 uacua
275 2760 315 2784 Ει
387 2759 520 2793 facilitate]
547 2761 668 2785 facultate
688 2760 728 2784 1¹¹²
833 2760 867 2783 ⁴23
890 2760 960 2783 illam
980 2768 1027 2783 om.
1042 2760 1084 2783 Ea
1190 2759 1223 2785 25
1247 2758 1354 2792 potiora]
1379 2760 1483 2783 meliora
1496 2760 1534 2783 12¹¹
1608 2764 1768 2791 praestantur
1788 2758 1824 2782 L¹

172 2801 203 2825 27
224 2803 413 2835 praerogatiuas
432 2803 471 2827 L¹
581 2802 614 2827 28
633 2803 679 2827 loc.
699 2801 748 2835 ag]
770 2803 825 2833 BP,
849 2811 889 2833 ag.
910 2803 956 2826 loc.
976 2802 1102 2826 LKEFA
1214 2802 1247 2827 *29
1271 2803 1401 2827 hominum
1422 2802 1534 2826 K²F¹A
1643 2802 1677 2826 3⁴)
1695 2800 1824 2833 totusque]

173 2850 240 2869 totus
254 2845 282 2869 Κ
384 2845 415 2870 31
438 2847 475 2870 illi
488 2846 515 2870 F
582 2855 665 2879 genus
682 2845 768 2870 Arme
838 2846 980 2870 crediturus
1000 2845 1048 2877 leg.
1067 2847 1190 2878 probatur
1203 2845 1226 2869 Ii'
1297 2850 1320 2870 te
1340 2854 1387 2869 om.
1402 2845 1441 2868 lt'l
