2279 3261
704 175 899 202 VARIARVM
918 175 951 206 V,
971 176 994 201 7.
1014 176 1037 201 8.
1057 176 1081 201 9,
1101 176 1140 202 10.
1161 176 1201 202 11.
1224 176 1260 201 12.
1747 179 1805 209 149

153 263 274 294 solacio
300 263 445 294 securius
469 263 653 304 impleatur„
683 262 766 304 quod
791 262 902 303 paucis
927 263 1156 304 inexplicabile
1182 263 1320 293 fortasse
1345 263 1563 303 cognoscitur:
1595 263 1655 294 hac
1681 264 1805 295 scilicet

153 315 344 347 condicione
379 315 528 353 definita,
564 318 599 345 ut
631 315 738 346 nullus
773 315 812 345 ab
848 315 897 345 his
933 315 1084 345 oneribus
1120 319 1306 347 excusetur.
1342 315 1426 346 unde
1461 326 1520 346 nec
1552 315 1656 346 divina
1693 315 1807 347 domus

154 368 326 410 excipitur.

962 460 1001 490 X.

566 529 739 560 VERANI
766 527 918 559 SAIONI
943 527 1265 559 THEODERICUS
1292 528 1391 559 REX.

1623 558 1652 577 a.
1671 548 1737 585 ,623Ὶ
1745 546 1807 578 5:20·

257 597 339 630 Cum
363 598 424 630 deo
449 593 581 630 iurante
606 609 663 640 pro
689 598 878 629 defensione
903 598 1047 639 generali
1072 598 1281 628 felicissimus
1308 598 1505 639 producatur
1530 599 1703 630 exercitus.
1729 610 1803 641 pro-
1837 607 1846 622 -ἰ

153 650 326 682 videndum
352 654 412 687 est,
436 661 477 682 ne
502 654 558 682 aut
582 651 641 691 ipsi
666 649 804 692 penuria
828 649 1011 680 inconsulta
1036 650 1213 690 fatigentur
1237 653 1291 680 aut
1309 650 1408 690 (quod
1427 649 1487 680 divi
1507 651 1598 681 nefas
1617 655 1680 691 cst)
1700 655 1806 682 vasta-

153 703 274 734 tionem
297 706 429 733 nostrae
455 702 627 733 videantur
652 703 837 743 provinciae
863 702 1034 733 sustinere.
1083 702 1205 743 primus
1238 702 1321 732 onim
1352 704 1579 744 prosperitatis
1609 704 1728 745 gradus
1758 708 1807 735 est

153 756 219 786 suis
243 765 307 786 non
332 765 404 786 esse
429 754 630 786 damnosum.
656 758 701 793 ut,
731 765 789 796 pro
814 765 948 795 quorum
975 754 1169 796 compendio
1195 754 1391 786 laboramus.
1418 765 1528 785 eorum
1555 766 1616 785 non
1643 755 1808 786 videamur

154 807 311 838 afflixisse
336 806 493 838 fortunas.
540 806 582 837 Et
606 805 678 837 ideo
704 806 869 837 devotioni
896 811 969 837 tuac
995 806 1158 848 praesenti
1184 806 1378 836 auctoritate
1404 806 1608 847 delegamus,
1638 811 1673 838 ut
1698 808 1805 838 multi-

152 859 298 890 tudinem
316 858 526 900 Gepidarum,
551 869 647 900 quam
672 858 809 889 fecimus
835 858 874 889 ad
892 858 1017 889 Gallias
1044 858 1211 889 custodiae
1237 868 1333 889 causa
1353 869 1536 900 properare.
1563 870 1619 900 per
1634 859 1807 890 Venetiam

153 914 251 953 atque
280 911 448 952 Liguriam
479 911 538 941 sub
568 911 652 941 omni
683 910 783 941 facias
814 910 1034 941 moderatione
1066 910 1215 941 transire.
1267 910 1383 951 quibus
1416 921 1455 941 ne
1487 911 1596 952 aliqua
1627 911 1807 942 excedendi

153 963 367 1005 praeberetur
399 963 538 996 occasio,
573 973 631 1004 per
660 973 923 1004 unamquamque
954 962 1142 992 condamam
1174 965 1319 1003 sumptus
1353 963 1398 993 eis
1429 967 1494 993 tres
1525 963 1642 994 solidos
1675 963 1808 1004 largitas

153 1018 265 1046 nostra
293 1014 428 1049 direxit,
459 1018 494 1045 ut
517 1015 580 1045 illis
605 1026 676 1045 cum
702 1014 957 1056 p1·‹wincialil)11s
984 1014 1100 1045 nostris
1126 1024 1188 1044 non
1216 1014 1361 1055 rapiendi
1388 1020 1510 1049 votum,
1542 1015 1597 1045 scd
1624 1016 1804 1046 commercii

154 1067 195 1098 sit
212 1066 361 1098 facultas.
402 1067 488 1097 Illud
505 1067 600 1108 plane
619 1077 674 1108 pro
694 1070 881 1097 cunctorum
904 1067 1013 1106 quiete
1039 1065 1261 1096 laborantibus
1286 1066 1488 1106 indulgentia
1513 1071 1622 1097 nostra
1647 1067 1805 1105 concedit,

152 1122 197 1157 ut,
223 1119 250 1150 si
273 1122 329 1150 aut
353 1129 462 1150 eorum
489 1122 644 1160 carpenta
670 1119 783 1149 itinere
809 1119 954 1159 longiore
980 1122 1175 1159 quassantur
1200 1122 1254 1148 aut
1279 1118 1429 1149 animalia
1453 1119 1563 1149 attrita
1580 1119 1806 1159 languescunt.
1841 1126 1849 1141 -'·

153 1176 184 1203 te
214 1171 348 1203 custode
377 1174 474 1213 atque
504 1171 667 1202 mediante
697 1182 768 1202 cum
799 1171 1043 1213 possessoribus
1073 1171 1142 1201 sine
1175 1171 1282 1212 aliqua
1313 1171 1524 1212 oppressione
1557 1174 1730 1202 mutentur.
1762 1174 1807 1202 ut.

153 1225 206 1266 qui
236 1223 342 1255 daturi
371 1227 446 1254 sunt
475 1233 610 1265 corpore
640 1227 696 1254 aut
725 1223 881 1264 qualitate
912 1223 1060 1254 meliora.
1093 1224 1240 1264 quamvis
1270 1223 1379 1264 parvis
1412 1223 1498 1253 sanis
1527 1223 1721 1254 animalibus
1752 1222 1807 1253 ad-

153 1276 331 1317 quiescant,
356 1274 431 1316 quia
454 1274 579 1305 incerta
604 1278 652 1306 est
677 1275 743 1305 vita
768 1285 890 1305 corum.
916 1275 968 1316 qui
993 1275 1092 1305 nimia
1115 1275 1306 1316 fatigatione
1332 1275 1505 1306 lassantur.
1552 1275 1597 1305 ita
1621 1274 1664 1306 fit.
1690 1278 1724 1305 ut
1749 1284 1806 1304 nec

152 1326 217 1358 illis
242 1327 327 1358 desit
352 1327 520 1358 subvectio
545 1326 732 1358 necessaria
757 1330 789 1357 et
814 1326 921 1357 nullus
947 1337 980 1357 se
1006 1327 1131 1357 laesum
1157 1327 1214 1357 tali
1239 1327 1479 1368 permutatione
1505 1330 1690 1367 cognoscat.

950 1473 1009 1505 xi.

353 1543 532 1575 eEP1D1s
557 1542 619 1574 AD
645 1542 840 1573 GALLlAs
867 1542 1136 1573 DESTINATIS
1161 1541 1482 1574 THEODEiucus
1508 1541 1610 1573 REX.
1631 1558 1810 1599 55251525

256 1613 378 1644 Fuerat
407 1613 537 1655 quidem
567 1613 790 1654 dispositionis
814 1616 963 1647 nostrae.
994 1617 1028 1643 ut
1053 1613 1144 1644 vobis
1169 1614 1231 1644 iter
1255 1613 1427 1654 agentibus
1453 1623 1596 1643 annonas
1622 1612 1808 1643 iuberemus

152 1665 308 1707 expendi:
340 1665 395 1696 sed
427 1676 467 1697 ne
497 1665 625 1707 species
650 1665 741 1706 ipsae
767 1669 822 1696 aut
847 1669 1019 1706 corruptae
1046 1668 1100 1695 aut
1124 1665 1255 1696 difficile
1281 1665 1527 1707 praebcrentun
1559 1665 1589 1694 in
1615 1674 1691 1694 auro
1716 1663 1808 1693 vobis

151 1721 218 1749 tres
243 1717 362 1748 solidos
387 1727 447 1759 per
471 1717 660 1748 condamam
687 1717 844 1758 elegimus
870 1717 1044 1748 destinare.
1070 1721 1104 1747 ut
1129 1720 1160 1747 et
1184 1717 1371 1748 mansiones
1396 1716 1497 1751 vobis,
1522 1719 1617 1757 prout
1634 1715 1807 1747 herbarum

153 1769 246 1811 copia
271 1770 424 1811 suppetit,
453 1769 584 1811 possitis
610 1770 732 1810 eligere
758 1773 790 1799 ct
815 1769 899 1810 quod
925 1768 1015 1799 vobis
1041 1772 1091 1799 cst
1115 1773 1225 1810 aptum
1251 1768 1365 1809 magis,
1396 1778 1505 1799 emere
1531 1767 1687 1799 debeatis.
1734 1777 1809 1797 nam

153 1824 186 1852 et
210 1831 432 1863 possessorem
455 1821 537 1852 haec
562 1832 613 1852 res
632 1831 802 1852 occurrere
820 1821 906 1857 facit,
932 1821 957 1851 si
975 1831 1030 1851 vos
1048 1821 1235 1851 necessaria
1253 1830 1441 1861 comparare
1461 1819 1638 1860 cognoscit.
1678 1821 1808 1849 movete

155 1873 303 1912 feliciter,
328 1873 373 1904 ite
398 1873 569 1905 moderati.
608 1873 674 1904 tale
700 1873 741 1903 sit
765 1872 828 1903 iter
851 1875 1006 1904 vestrum.
1032 1873 1127 1913 quale
1153 1872 1248 1903 decet
1272 1882 1345 1902 esse
1371 1871 1424 1912 qui
1449 1871 1598 1902 laborant
1622 1880 1678 1912 pro
1703 1870 1809 1901 salute

153 1928 353 1957 cunctorum.

944 2028 1021 2059 XII.

522 2097 841 2129 THEODAHADO
865 2090 908 2127 v·
933 2097 961 2127 1·
987 2095 1308 2127 THEODERICUS
1334 2095 1436 2126 REX.
1624 2122 1653 2142 (L
1673 2111 1809 2152 523f520

257 2167 291 2198 Si
316 2167 473 2198 iustitiam
498 2168 604 2199 colere
630 2168 800 2198 universos
825 2170 856 2197 et
882 2177 990 2197 amare
1015 2166 1243 2208 praecipimus,
1268 2169 1387 2206 quanto
1412 2165 1515 2206 magis
1541 2176 1597 2195 eos
1622 2164 1675 2205 qui
1700 2166 1808 2194 nostra

153 2219 362 2262 proximitate
387 2220 577 2260 gloriantur,
603 2231 682 2261 quos
708 2219 814 2250 omnia
838 2218 934 2249 dccet
959 2218 1018 2249 sub
1043 2217 1138 2248 laude
1163 2228 1288 2258 gerere,
1316 2220 1349 2248 ut
1374 2217 1483 2258 regiae
1505 2216 1631 2258 possint
1647 2215 1808 2256 fulgorem
1829 2221 1839 2237 2¹·

153 2272 444 2313 consanguinitatis
470 2271 654 2302 ostendere.
695 2271 774 2302 haec
799 2274 849 2301 est
874 2271 958 2301 euim
983 2269 1163 2300 indubitata
1188 2269 1352 2303 nobilitas,
1378 2280 1460 2310 quae
1486 2269 1629 2300 moribus
1655 2268 1811 2309 probatur

156 2326 283 2354 ornata:
310 2323 385 2365 quia
408 2323 579 2365 pulchrum
605 2327 654 2355 est
678 2322 881 2354 commodum
906 2323 1011 2353 famae
1031 2321 1126 2352 foeda
1143 2321 1332 2362 neglexisse
1351 2322 1441 2352 lucra
1458 2321 1627 2363 pecuniae.
1666 2319 1809 2360 Argolici

257 2445 483 2477 LRKP(D)E(F)

256 2523 270 2548 1
295 2523 475 2556 inexplicabile
500 2524 564 2547 forte
583 2521 618 2553 F,
642 2521 822 2554 inexplicabile
848 2522 863 2545 ι’.
888 2520 1066 2553 inexplicabile
1084 2520 1124 2544 ΕΙ
1214 2520 1285 2544 cond.
1311 2520 1365 2544 scil.
1386 2520 1423 2544 ΑΘ
1545 2518 1562 2543 2
1586 2518 1691 2542 definita
1710 2526 1757 2541 om.
1772 2518 1809 2541 Ae

154 2566 168 2592 ’ἶ
182 2567 233 2591 uid.
248 2570 325 2591 nostr.
337 2565 367 2590 F
410 2566 612 2599 prosperitatatis
623 2565 664 2589 ΡΣι
755 2563 786 2589 10
799 2565 928 2589 neum-iam
940 2564 965 2587 Ε
1053 2563 1082 2587 11
1098 2564 1210 2596 ligatiam
1222 2563 1248 2587 E
1299 2563 1454 2588 excendendi
1467 2562 1495 2586 Ι(
1582 2561 1612 2586 12
1626 2561 1773 2594 proberetur
1784 2559 1811 2583 K

205 2608 365 2642 condamam]
381 2609 545 2639 LRKDEF‚
564 2609 712 2633 condomam
726 2608 756 2637 Γ,
775 2608 941 2632 ebdomadam
958 2607 1004 2634 ΑΥ,
1023 2607 1207 2631 hebdomadam
1221 2607 1259 2630 Ae
1278 2611 1299 2630 et
1316 2607 1408 2638 reliqui
1421 2606 1478 2630 edd.
1541 2606 1585 2629 tris
1594 2605 1719 2637 plerique.
1737 2604 1768 2628 tri
1784 2600 1813 2626 F

155 2652 186 2678 13
205 2654 297 2678 uestris
311 2653 363 2677 EF
456 2652 488 2677 15
506 2653 602 2677 itenere
615 2651 654 2676 L¹
754 2650 783 2675 17
804 2651 920 2675 meliores
934 2649 984 2674 PD
1083 2649 1114 2675 18
1132 2650 1271 2681 requiritur
1291 2658 1357 2681 quae
1458 2648 1488 2673 19
1507 2648 1576 2673 ullus
1590 2647 1618 2671 Ι(
1714 2645 1747 2670 22
1767 2644 1809 2676 ne]

154 2705 201 2721 nec
220 2696 249 2721 K
327 2700 372 2721 aut
396 2700 531 2728 corruptae
550 2705 597 2720 om.
617 2695 646 2720 K
725 2693 778 2725 aut]
803 2699 831 2718 ut
850 2693 889 2717 L¹
973 2693 1089 2717 difficiles
1110 2693 1136 2717 E
1250 2692 1282 2717 23
1302 2693 1442 2717 condanam
1464 2692 1512 2721 L¹‚
1540 2691 1689 2716 condomam
1710 2688 1810 2716 PDE²‚

152 2740 318 2765 ebdomadam
337 2739 387 2770 Ar,
411 2739 595 2763 hebdomadam
615 2739 652 2762 Ae
723 2735 855 2769 elegimus]
876 2737 994 2769 eligimus
1014 2736 1091 2764 Em.
1116 2737 1231 2768 degimus
1251 2736 1276 2759 P
1378 2734 1411 2760 25
1430 2734 1460 2767 si]
1481 2735 1516 2759 sic
1532 2734 1559 2758 K
1627 2735 1764 2764 cognoscat
1778 2728 1808 2754 F

155 2781 188 2807 ‘26
208 2783 315 2807 fideliter
335 2782 363 2806 K
431 2783 464 2807 ite
483 2782 605 2806 moderati
625 2790 672 2806 om.
688 2780 712 2804 P
780 2780 855 2804 debet
875 2779 898 2803 A
1004 2778 1039 2803 30
1057 2780 1135 2811 possit
1155 2777 1184 2803 F
1285 2778 1317 2803 31
1338 2779 1385 2803 hoc
1406 2778 1432 2802 J<
1501 2782 1538 2802 est
1557 2786 1604 2801 om.
1620 2776 1664 2800 liu
1743 2775 1809 2799 enim

155 2834 202 2850 om.
219 2823 248 2849 F
316 2826 432 2850 iudubita
454 2823 499 2849 14η
605 2824 638 2850 32
657 2822 756 2856 ornata]
776 2824 899 2848 honorata
921 2820 950 2846 F

1829 866 1851 883 lo

1830 1548 1854 1564 20

1828 1824 1851 1842 25

1870 809 1887 837 te
