2279 3261
467 189 527 218 232
1185 185 1394 212 OASSIODORI

465 274 586 305 habere
611 274 774 314 longaevi:
800 273 939 314 pueritia
963 273 1132 303 tuitionem
1156 272 1280 313 gratiae
1305 276 1525 314 consequatur
1548 276 1581 304 et
1604 284 1667 303 non
1692 273 1724 303 in
1748 276 1850 304 totum
1876 284 1895 304 a
1918 273 2107 314 parentibus

464 325 679 363 destituimur,
708 325 761 366 qui
791 325 848 355 tali
872 324 1071 366 protectione
1097 324 1258 355 fulcimur.
1305 325 1355 356 Sit
1378 324 1469 356 vobis
1494 335 1629 366 regnum
1654 326 1810 356 nostrum·
1823 325 1947 366 gratiae
1970 326 2106 356 vinculis

464 377 654 418 obligatum.
701 377 773 418 plus
802 376 834 406 in
864 376 919 406 illa
948 379 1038 417 parte
1071 375 1263 417 regnabitis,
1293 376 1347 407 ubi
1378 376 1485 407 omnia
1513 376 1647 407 caritate
1672 376 1801 407 iubetis.
1847 380 2044 418 quapropter
2066 376 2107 408 ad

463 428 671 459 serenitatem
695 425 841 459 vestram
861 427 950 458 illum
980 430 1012 458 et
1040 428 1130 458 illum
1160 428 1287 468 legatos
1318 431 1442 458 nostros
1472 428 1713 459 aestimavimus
1744 439 1815 459 esse
1843 427 2044 469 dirigendos,
2071 430 2107 458 ut

432 488 442 505 ⁵
461 480 635 511 amicitiam
664 480 757 511 nobis
786 480 849 510 illis
877 479 995 521 pactis,
1026 479 1089 510 illis
1114 479 1357 510 condicionibus
1382 479 1583 518 concedatis,
1614 490 1694 521 quas
1719 490 1791 510 cum
1815 479 1908 510 divae
1932 479 2106 510 memoriae

418 746 442 763 1¹)

409 1383 434 1401 ’.Ὅ

406 1900 430 1918 30

461 532 578 563 domno
608 543 668 563 avo
700 535 810 563 nostro
842 531 968 563 inclitos
1001 531 1188 562 decessores
1222 534 1347 562 vestros
1382 534 1509 562 constat
1542 530 1704 562 habuisse.
1757 531 1877 572 aliquid
1907 531 2041 562 forsitan
2073 534 2106 562 et

459 584 598 625 amplius
623 594 748 615 mereor
771 583 980 621 sinceritatis,
1010 583 1101 613 cuius
1126 593 1186 613 nec
1210 586 1300 613 actas
1325 583 1454 614 videtur
1478 594 1550 614 esse
1576 586 1730 624 suspecta
1753 594 1814 614 nec
1843 583 2011 624 generatio
2041 583 2104 613 iam

460 634 614 676 probatur
646 638 813 666 extranca.
866 634 1026 677 quaedam
1057 645 1132 665 vcro
1169 645 1227 676 per
1260 645 1359 676 supra
1393 635 1529 676 scriptos
1566 635 1692 675 legatos
1728 637 1854 666 nostros
1889 634 2104 666 serenissimis

460 686 608 717 sensibus
643 687 759 718 vestris
795 687 895 718 verbo
930 686 1109 717 intimanda
1148 685 1383 725 commisimus,
1423 697 1505 728 quac
1544 687 1734 718 clementiae
1770 690 1899 718 vestrae
1936 697 2025 717 more
2064 685 2104 717 ad

461 738 611 769 effectum
636 738 733 770 facite
757 739 939 781 pervenire.

1260 823 1302 855 Π.

775 892 970 924 SENATUI
994 893 1128 924 uanis
1153 893 1310 924 ROMAE
1336 893 1658 924 ATHALARICUS
1682 893 2104 951 ΒΕΧΜᾺΡΟΜΑᾟΒΟ

558 962 790 993 Plenissimum
826 961 978 1003 gaudium
1014 965 1141 993 constat
1176 973 1261 1000 esse,
1299 966 1408 1004 patres
1444 963 1633 1004 conscripti,
1671 973 1870 1003 cognoscere
1906 962 2103 994 dominantis

455 1018 618 1054 exortum,
647 1018 682 1045 ut
712 1015 765 1057 qui
794 1015 935 1046 creditur
963 1015 1129 1046 universos
1161 1026 1256 1057 posse
1286 1018 1476 1057 protegere,
1508 1015 1658 1046 audiatur
1682 1013 1723 1046 ad
1747 1014 1840 1055 regni
1864 1015 2006 1045 culmina
2029 1025 2102 1056 per-

454 1067 594 1098 venisse.
640 1077 793 1098 mensura
821 1067 965 1098 laetitiae
995 1067 1035 1098 de
1064 1067 1286 1108 magnitudine
1317 1067 1423 1098 nuntii
1451 1067 1541 1098 venit
1571 1069 1604 1098 et
1633 1070 1723 1098 tanta
1750 1067 1785 1097 fit
1814 1066 1965 1097 alacritas
1995 1066 2101 1105 animi,

456 1121 575 1160 quanta
598 1118 696 1150 fuerit
721 1122 753 1150 et
776 1118 992 1149 consideratio
1017 1119 1073 1150 rei.
1119 1119 1202 1150 Nam
1228 1119 1254 1149 si
1278 1119 1455 1160 prudentes
1479 1119 1564 1150 viros
1589 1119 1719 1159 erigunt
1743 1118 1910 1149 commoda
1938 1118 2103 1160 praedicta

454 1170 627 1209 sodalium,
664 1170 689 1200 si
724 1170 899 1201 amicorum
935 1170 1059 1201 relevat
1095 1170 1233 1212 sospitas
1269 1171 1430 1209 nuntiata,
1470 1173 1590 1212 quanta
1621 1170 1822 1201 exultatione
1855 1170 1973 1211 suscipi
2004 1169 2103 1201 debet

453 1221 594 1252 omnium
623 1225 784 1253 rectorem
813 1222 951 1253 feliciter
980 1222 1170 1264 provenisse
1200 1225 1374 1261 terrarum,
1405 1233 1500 1264 quem
1530 1233 1594 1253 non
1622 1222 1757 1264 protulit
1785 1225 1946 1253 commota
1975 1221 2100 1260 seditio,

452 1284 516 1304 non
541 1273 628 1304 bella
650 1273 811 1305 ferventia
836 1276 1047 1315 pepererunt,
1078 1284 1142 1304 non
1166 1274 1212 1305 rei
1242 1274 1391 1315 publicae
1421 1274 1538 1305 damna
1566 1275 1690 1305 lucrata
1718 1277 1807 1313 sunt,
1837 1273 1894 1305 scd
1923 1273 1969 1304 sic
1997 1273 2101 1304 factus

453 1327 502 1355 est
526 1335 583 1366 per
607 1324 758 1366 quictem,
788 1324 1072 1366 quemammodum
1097 1325 1207 1356 venire
1232 1325 1340 1356 decuit
1364 1325 1528 1356 civilitatis
1553 1328 1734 1357 auctorem!
1781 1335 1933 1366 magnum
1957 1325 2100 1367 profecto

453 1376 617 1407 felicitatis
641 1386 745 1417 genus
770 1376 916 1418 optinere
942 1377 1012 1408 sinc
1037 1377 1538 1420 contentionibus·principatum
1562 1381 1595 1409 ct
1618 1378 1650 1409 in
1679 1378 1735 1409 illa
1764 1389 1797 1408 rc
1828 1377 1959 1419 publica
1987 1376 2100 1408 adule-

455 1431 599 1459 scentem
616 1427 780 1459 dominum
804 1429 885 1465 fieri,
910 1429 964 1459 ubi
988 1429 1108 1459 multos
1133 1433 1260 1460 constat
1284 1431 1419 1461 maturis
1443 1429 1586 1461 moribus
1610 1430 1754 1460 inveniri.
1794 1440 1858 1460 non
1883 1429 1968 1460 enim
1992 1432 2102 1470 potest

451 1479 584 1511 cuilibet
613 1480 711 1511 aetati
740 1479 854 1511 deesse
885 1480 1068 1519 consilium,
1098 1481 1152 1512 ubi
1177 1484 1223 1512 tot
1247 1485 1399 1523 parentes
1424 1482 1568 1524 publicos
1594 1485 1721 1513 constat
1745 1482 1902 1512 inventos.
1948 1480 2101 1511 Praelata

452 1535 501 1562 est
530 1542 607 1572 ergo
638 1542 714 1573 spes
743 1534 853 1563 nostra
883 1536 1073 1563 cunctorum
1097 1532 1220 1563 meritis
1245 1536 1277 1564 et
1301 1534 1422 1564 certius
1448 1533 1509 1564 fuit
1532 1533 1571 1564 dc
1595 1533 1689 1564 nobis
1714 1533 1802 1564 credi
1827 1543 1922 1574 quam
1948 1532 2034 1574 quod
2059 1531 2099 1563 de

452 1583 524 1613 aliis
549 1583 653 1624 potuit
676 1583 863 1625 approbari:
895 1594 958 1614 non
982 1583 1115 1622 iniuria,
1145 1585 1294 1625 quoniam
1319 1585 1452 1626 quaevis
1478 1585 1609 1616 claritas
1633 1585 1762 1626 generis
1786 1584 1934 1616 Hamalis
1960 1584 2044 1615 cedit
2068 1587 2100 1614 et

407 1641 418 1659 2¹
452 1635 535 1665 sicut
559 1646 600 1666 cx
624 1634 714 1666 vobis
738 1635 792 1676 qui
816 1636 969 1674 nascitur,
1001 1635 1091 1677 origo
1116 1636 1280 1667 senatoria
1308 1640 1522 1679 nuncupatur,
1553 1638 1598 1668 ita
1627 1638 1681 1679 qui
1710 1648 1751 1668 ex
1782 1637 1843 1667 hac
1871 1636 1995 1667 familia
2023 1646 2096 1677 pro-

450 1686 605 1727 greditur,
635 1697 735 1727 regno
764 1686 974 1727 dignissimus
1003 1687 1211 1730 approbatur.
1258 1689 1396 1730 probata
1420 1694 1495 1720 sunt
1519 1690 1681 1732 praesenti
1705 1690 1791 1720 facto
1817 1699 1899 1731 quae
1926 1688 2096 1730 loquimur.

450 1738 533 1769 Nam
566 1749 638 1769 cum
671 1738 777 1769 domni
808 1740 859 1770 avi
892 1740 993 1771 nostri
1023 1750 1079 1781 pro
1111 1740 1341 1772 beneficiorum
1372 1742 1550 1783 quantitate
1580 1741 1766 1773 dulcissima
1796 1741 1886 1772 nobis
1916 1739 2096 1771 recordatio

450 1793 621 1830 urgeretur
645 1791 810 1829 extremis,
836 1792 1092 1833 magnitudinem
1119 1792 1345 1824 dominationis
1370 1805 1446 1826 suae
1472 1798 1563 1826 tanta
1586 1795 1617 1825 in
1642 1805 1700 1825 nos
1726 1794 1890 1825 celeritate
1913 1791 2095 1830 transfudit,

449 1844 484 1872 ut
507 1853 570 1872 non
595 1846 659 1873 tam
685 1853 821 1884 regnum
845 1854 940 1885 quam
965 1847 1089 1876 vestem
1114 1845 1265 1877 crederes
1291 1858 1363 1878 csse
1390 1850 1558 1878 mutatam.
1596 1849 1643 1877 tot
1661 1857 1813 1888 proceres
1830 1856 1926 1876 manu
1943 1843 2095 1875 consilio-

450 1904 511 1934 que
529 1894 661 1935 gloriosi
686 1895 809 1925 nullum
834 1905 987 1935 murmur,
1012 1900 1047 1928 ut
1071 1898 1202 1934 assolet,
1227 1898 1439 1930 miscuerunt:
1465 1898 1522 1930 scd
1546 1899 1590 1929 ita
1614 1908 1686 1929 cum
1710 1908 1828 1939 magno
1852 1896 1969 1938 gaudio
1994 1894 2094 1926 secuti

550 2015 574 2039 B
581 2015 925 2048 TZX.1[(0)J<E(F)JJ(GJ)

552 2092 564 2116 1
584 2093 707 2117 tutionem
726 2093 750 2117 B
828 2099 852 2118 et
870 2094 906 2118 bis
926 2094 973 2118 Ha
1052 2104 1102 2119 non
1121 2104 1169 2120 om.
1186 2095 1209 2119 T
1317 2096 1333 2120 2
1352 2105 1421 2129 regn.
1442 2102 1518 2122 nostr.
1538 2106 1575 2129 gr.
1596 2097 1686 2129 (glorie
1707 2097 1756 2127 Πῑ,
1780 2096 1859 2129 glorie
1878 2095 1920 2120 uel
1939 2095 2020 2127 gratie
2039 2093 2093 2121 Ga)

447 2136 558 2160 uinculis
578 2136 721 2165 (uinculum
741 2136 784 2168 T)]
809 2146 846 2169 gr.
867 2138 934 2162 uine.
954 2147 1024 2169 regn.
1043 2142 1120 2163 nostr.
1140 2138 1168 2162 F
1267 2139 1283 2163 3
1303 2139 1418 2172 caritate]
1438 2149 1496 2164 eum
1516 2149 1567 2165 car.
1587 2141 1637 2171 ΒΞ,
1662 2145 1732 2165 carta
1751 2140 1803 2169 Πῑ,
1826 2143 1894 2164 certa
1914 2139 1945 2168 G,
1966 2142 2034 2162 carta
2053 2137 2094 2161 uel

447 2178 553 2202 caritate
573 2178 606 2201 Il’
710 2177 727 2203 4
746 2180 948 2204 existimauimus
967 2181 1006 2204 Ta
1110 2182 1125 2206 5
1145 2182 1218 2206 nobis
1238 2182 1267 2205 X
1334 2183 1536 2208 condictionibus
1554 2184 1615 2208 ΤΕι
1687 2184 1832 2208 concedatis
1852 2191 1899 2207 um.
1914 2181 1938 2205 B
2007 2179 2092 2211 diuae]

446 2222 521 2253 digne
535 2222 587 2246 HG
640 2221 724 2254 mem]
740 2232 812 2248 mem.
826 2228 927 2249 uestrae
941 2224 981 2248 B¹
1068 2225 1083 2249 6
1102 2225 1202 2249 dmuino
1216 2226 1307 2250 IlGlr
1361 2230 1459 2251 nostros
1474 2227 1502 2257 T,
1521 2236 1575 2251 meo
1590 2227 1619 2250 II
1670 2227 1783 2251 forsitam
1800 2226 1844 2250 TZ
1927 2223 1941 2248 7
1962 2231 2059 2248 mercar
2074 2222 2097 2246 T

497 2273 551 2289 esse
564 2274 632 2297 susp.
646 2266 775 2298 <suscepta
786 2265 836 2299 Ei]
850 2276 918 2299 susp.
932 2277 986 2292 esse
997 2268 1020 2292 B
1102 2268 1118 2293 S
1130 2278 1207 2301 supra
1220 2270 1299 2294 dictos
1310 2270 1435 2295 EFJIGI
1478 2272 1654 2296 serenissimus
1665 2272 1712 2295 Ila
1795 2270 1810 2295 9
1824 2268 1924 2301 uestris]
1941 2267 2093 2297 TEFHGI,

445 2316 493 2331 om.
510 2307 682 2332 BZNMUM
753 2310 830 2334 uerbo
849 2319 897 2334 om.
917 2311 940 2334 T
1043 2311 1074 2335 12
1093 2312 1228 2337 dominatis
1249 2313 1281 2336 ill
1378 2313 1409 2337 13
1427 2323 1500 2346 posse
1517 2324 1563 2339 om.
1584 2315 1607 2338 Τ
1673 2315 1805 2347 peruenire
1827 2313 1865 2337 Ta
1971 2310 2002 2335 14
2021 2311 2053 2334 Sit
2074 2309 2096 2333 T

448 2350 478 2375 15
497 2349 530 2382 et]
551 2359 581 2375 ex
595 2351 619 2374 B
638 2351 693 2377 (emt
712 2361 744 2376 m.
762 2353 830 2384 rea),
850 2362 897 2378 om.
912 2354 1008 2377 JIGIw
1078 2353 1108 2386 si]
1129 2356 1175 2379 etsi
1188 2355 1242 2379 EF
1308 2356 1414 2388 exigunt
1428 2357 1450 2380 A
1522 2359 1663 2390 praedicata
1679 2358 1741 2382 F2l
1751 2357 1810 2387 (inc.
1824 2356 1877 2388 Fi)
1982 2353 2013 2379 16
2032 2353 2092 2378 ami-

445 2394 542 2427 corum]
563 2405 584 2420 a.
605 2397 681 2420 eorda
694 2397 747 2420 EF
810 2399 906 2422 reuelat
920 2398 983 2422 ΤΚ1
1054 2400 1160 2431 sospites
1174 2400 1229 2430 Ha,
1249 2401 1399 2433 prosperitas
1412 2401 1452 2425 ΙΝ
1523 2400 1688 2433 exultatione]
1708 2401 1848 2433 suspitione
1864 2399 1886 2423 T
1988 2395 2017 2420 17
2039 2405 2091 2428 Pel*-

445 2439 545 2462 uenisse
565 2439 605 2462 E²
702 2439 786 2472 quem]
812 2449 879 2472 quae
896 2441 920 2464 T
1012 2444 1144 2468 commoda
1163 2444 1185 2467 Τ
1314 2444 1345 2469 18
1368 2451 1506 2478 perper-unt
1526 2447 1573 2470 Ha
1666 2447 1787 2478 dampnat
1804 2444 1843 2468 Ta
1939 2441 2031 2466 lucrati
2050 2440 2090 2464 E¹

446 2481 476 2505 19
495 2481 590 2513 ‘lffissitl
610 2483 698 2507 ‘lebni‘
713 2483 738 2513 T,
759 2483 844 2508 docuit
857 2484 911 2509 Ha.
930 2494 978 2509 om.
993 2487 1033 2507 (ga
1093 2487 1233 2519 ciuilitatisl
1255 2488 1366 2512 ciuitatis
1380 2489 1472 2519 E2F1,
1491 2498 1538 2513 om.
1555 2489 1578 2513 T
1633 2497 1753 2521 magnum
1773 2496 1819 2512 um.
1831 2487 1874 2511 Fa
1960 2484 1994 2509 ⁴20
2014 2483 2091 2508 felici-

443 2525 502 2549 tatis
526 2525 666 2551 (ciuilitatis
685 2524 718 2554 N,
748 2526 876 2550 fidelitatis
896 2527 928 2557 A,
952 2529 1066 2552 mutatis
1086 2529 1140 2559 Ea)
1164 2539 1245 2561 genus
1271 2535 1305 2563 (bg.
1330 2536 1367 2556 est
1386 2532 1471 2562 NEF,
1496 2537 1533 2557 est
1555 2541 1636 2565 genus
1655 2531 1720 2564 ΚΕΗ
1746 2540 1802 2563 gen.
1825 2531 1865 2555 sel.
1885 2530 1947 2559 HG,
1970 2537 2028 2560 gen.
2053 2530 2091 2552 cst

442 2567 482 2591 sel.
496 2567 513 2591 Ι
582 2566 704 2599 obtinere]
725 2569 853 2593 continere
866 2569 898 2599 E,
917 2571 1033 2595 *ttinere
1047 2571 1092 2595 Fa
1162 2575 1391 2605 contemptionibus
1407 2575 1454 2598 TE
1556 2574 1587 2599 21
1608 2575 1718 2599 maribus
1734 2574 1758 2597 T
1854 2572 1887 2597 22
1906 2572 2020 2597 ciuilibet
2033 2571 2089 2604 Ila,

443 2611 579 2635 cuiuslibet
600 2611 621 2635 G
692 2612 806 2643 publicos
825 2622 873 2637 em.
889 2613 912 2636 T
978 2614 1086 2647 constat}
1107 2624 1127 2639 c.
1148 2624 1201 2640 csse
1221 2616 1278 2647 Hb,
1297 2626 1351 2642 esse
1371 2622 1469 2642 constat
1485 2620 1506 2642 (ι’
1611 2617 1644 2642 23
1663 2622 1701 2642 est
1718 2627 1765 2642 om.
1780 2617 1833 2642 HG
1903 2625 1962 2649 ergo
1981 2625 2028 2640 om.
2045 2615 2096 2639 TN

495 2653 561 2685 spes]
581 2654 677 2685 speeies
689 2654 756 2677 JJGt
809 2656 882 2679 uobis
896 2655 937 2679 Νι
1026 2656 1059 2681 24
1073 2659 1193 2689 quoniam
1207 2660 1324 2692 quaeuisl
1340 2670 1415 2693 quem
1429 2662 1519 2693 queuis
1531 2661 1566 2691 H,
1585 2670 1709 2693 quemque
1723 2662 1770 2691 Ga,
1789 2662 1896 2693 quaeuis
1908 2660 1950 2686 Gb
2004 2662 2089 2686 hama⁴

441 2695 482 2728 lis]
498 2696 531 2727 N,
554 2697 653 2721 amalus
667 2696 717 2727 E¹,
740 2698 831 2722 amalis
850 2699 942 2730 reliqui
1007 2701 1085 2724 credit
1099 2701 1150 2725 HG
1158 2702 1209 2725 alp
1308 2703 1341 2728 25
1359 2713 1390 2728 ex
1409 2705 1483 2729 uobis
1503 2705 1587 2736 (nobis
1602 2704 1655 2735 ΕΙ)
1676 2703 1729 2736 qui]
1755 2705 1799 2736 qui
1818 2713 1849 2729 ex
1868 2705 1926 2729 uob.
1941 2703 1964 2728 A
2035 2703 2088 2736 qui]

441 2739 508 2771 quod
527 2739 550 2762 T
616 2739 673 2771 hac]
694 2740 738 2764 illa
758 2741 787 2764 K
887 2741 920 2766 26
939 2747 999 2767 sunt
1018 2752 1054 2775 pr.
1076 2743 1101 2776 12]
1123 2754 1182 2777 ergo
1201 2755 1237 2777 pr.
1259 2748 1274 2771 s.
1294 2752 1354 2772 sunt
1368 2748 1429 2778 HG,
1447 2757 1507 2780 ergo
1526 2752 1586 2772 sunt
1605 2748 1691 2780 (super
1708 2748 1756 2772 ins.
1770 2747 1822 2778 Jw)
1841 2757 1878 2780 pr.
1898 2751 1914 2773 f.
1928 2748 1947 2772 Ι
2012 2747 2087 2780 quae]

441 2783 484 2813 qui
499 2782 522 2805 T
612 2781 645 2807 27
665 2783 725 2807 dum
739 2783 780 2807 B¹
841 2785 912 2808 uobis
930 2785 1100 2811 TZNEHGJ
1189 2787 1223 2813 ‘28
1242 2793 1341 2814 tantum
1357 2790 1380 2814 T
1435 2791 1589 2816 transfundit
1603 2791 1673 2821 TIW‚
1691 2792 1801 2823 perfudit
1814 2791 1856 2815 Ba
1948 2789 1982 2814 29
2000 2799 2089 2815 mauu-

442 2833 490 2856 que
510 2825 614 2849 consiliu
633 2825 656 2848 T
755 2826 789 2851 30
806 2828 881 2859 gaud.
901 2836 987 2859 magn.
1006 2829 1033 2852 Il
