2279 3261
391 733 414 751 10

390 990 412 1008 15

338 1763 373 1791 10
395 1768 419 1786 ³0

396 2027 419 2045 ³5·

432 176 492 205 290
1151 177 1363 204 CASSIODORI

431 261 566 302 principi
591 261 731 301 gloriosa
755 261 928 292 dilectione
955 261 1105 297 sociatus,
1131 263 1205 304 quia
1230 275 1302 294 eras
1327 275 1345 294 a
1370 264 1456 295 vitiis
1479 264 1637 305 probabili
1663 266 1923 306 sequestratione
1946 266 2079 297 divisus.

430 312 706 353 interpellantium
731 316 762 343 te
788 312 985 353 ponderibus
1011 314 1273 355 sapientissimus
1298 316 1419 347 arbiter
1442 316 1598 347 onerabat
1622 320 1811 358 tantumque
1836 317 1875 348 de
1906 318 2003 349 animi
2034 319 2079 349 tui

432 365 563 404 cognita
587 363 825 404 disceptatione
849 366 1083 406 praesumpsit,
1114 370 1150 396 ut
1173 367 1204 397 in
1229 367 1375 398 beneficii
1401 368 1505 398 locum
1530 371 1620 398 tuum
1643 372 1825 409 praestaret
1855 370 2079 401 aestuantibus

432 416 500 446 sine
531 415 638 456 aliqua
672 416 876 446 cunctatione
911 416 1075 447 iudicium.
1126 417 1283 452 Quotiens
1315 420 1367 450 ille
1398 424 1429 450 te
1462 419 1657 460 grandaevis
1689 420 1876 461 proceribus
1907 421 2079 462 inputavit,

431 467 505 497 dum
530 476 592 496 non
617 466 805 497 sufficerent
830 467 869 497 ad
894 468 1068 508 primordia
1092 472 1157 505 tua,
1183 481 1262 511 quos
1287 474 1376 501 tanta
1400 471 1602 512 longaevitas
1621 471 1736 502 aetatis
1754 472 1970 503 instruxerat?
2011 477 2080 504 erat

431 520 528 561 plane
557 520 640 560 quod
670 520 700 550 in
730 523 761 551 te
791 520 994 561 praedicaret
1023 522 1192 560 eximium,
1223 524 1364 554 animum
1389 523 1429 554 ad
1454 522 1669 564 promerenda
1694 523 1855 554 beneficia
1878 524 2024 565 patulum
2049 527 2081 555 et

432 574 544 601 contra
561 571 637 601 vitia
655 571 838 612 cupiditatis
856 572 1068 611 obstructum,
1093 573 1168 604 dum
1193 575 1302 606 nescio
1327 586 1388 616 quo
1413 579 1508 616 pacto
1533 585 1603 605 rara
1627 578 1676 605 est
1699 575 1731 605 in
1756 575 1939 606 hominibus
1965 586 2079 607 manus

432 623 541 654 clausa
566 627 598 654 et
621 627 734 664 aperta
764 624 893 654 iustitia.
936 624 1113 656 Veniamus
1144 625 1183 656 ad
1213 627 1433 667 magisteriam
1464 626 1669 667 dignitatem,
1703 636 1798 667 quam
1828 637 1891 657 non
1924 628 2080 668 pecuniae

431 675 592 716 largitate,
618 675 673 705 sed
699 686 821 706 morum
847 676 988 707 nosceris
1013 678 1167 718 suffragio
1194 683 1402 709 consecutus:
1429 689 1489 719 quo
1514 679 1583 709 loco
1607 678 1732 719 positus
1755 689 1883 720 semper
1900 680 2081 720 quaestori-

434 726 494 757 bus
519 727 649 757 affuisti.
697 737 770 757 nam
795 737 866 757 cum
897 738 977 768 opus
1009 733 1097 760 esset
1126 730 1252 770 eloquio
1284 730 1467 763 defaecato,
1502 740 1601 760 causa.
1630 733 1684 759 tuo
1716 730 1861 771 protinus
1890 731 2082 762 credebatur

432 778 571 818 ingenio.
619 778 805 819 exigebaris
835 790 854 809 a
885 779 1024 820 benigno
1054 781 1199 822 principe
1229 781 1311 822 quod
1343 793 1377 812 sc
1407 782 1465 812 tibi
1495 785 1629 813 noverat
1658 782 1788 812 minime
1819 783 2020 814 commisisse
2050 786 2082 814 et

432 829 569 870 quadam
595 831 700 871 gratia
723 831 947 871 praeiudiciali
973 833 1130 863 vacuabat
1155 834 1235 864 alios
1260 834 1382 865 labore.
1407 837 1441 864 ut
1466 837 1496 864 tc
1523 833 1706 864 sententiae
1733 844 1810 864 suae
1836 834 1965 875 copiosa
1986 834 2081 865 laude

434 882 619 922 compleret.
673 881 746 913 Non
779 883 863 913 enim
898 885 1046 924 proprios
1080 884 1160 915 fines
1193 885 1252 915 sub
1283 889 1314 916 te
1346 886 1412 916 ulla
1443 885 1583 926 dignitas
1619 885 1806 922 custodivit,
1842 885 1970 926 quando
2006 897 2081 916 con-

432 933 588 963 scientiae
614 936 688 964 tuae
715 938 842 965 constat
866 935 1034 971 creditum,
1060 936 1143 977 quod
1168 948 1186 967 a
1203 937 1312 967 multis
1330 937 1390 967 fuit
1407 937 1597 979 proceribus
1618 938 1833 968 sincerissime
1851 937 2082 979 peragendum.

433 985 570 1015 nescivit
603 985 772 1026 quisquam
805 986 844 1017 de
878 990 909 1017 te
942 998 1214 1019 summurmurare
1249 989 1423 1025 contraria,
1461 1000 1531 1019 cum
1565 993 1674 1019 tamen
1707 989 1746 1020 de
1779 989 1948 1030 principali
1978 989 2083 1030 gratia

433 1036 607 1067 sustineres
640 1037 802 1067 invidiam.
855 1037 1012 1079 derogare
1047 1040 1215 1080 cupientes
1247 1040 1323 1070 vicit
1355 1040 1525 1081 integritas
1557 1041 1708 1071 actionis:
1744 1041 1871 1071 adversi
1902 1041 1948 1071 tui
1980 1041 2083 1071 coacti

433 1098 530 1129 saepe
562 1089 660 1118 locuti
694 1092 767 1118 sunt
796 1089 879 1130 quod
910 1090 1034 1120 animus
1064 1101 1127 1120 non
1158 1091 1309 1121 habebat.
1357 1102 1429 1121 nam
1460 1092 1625 1133 quaelibet
1653 1092 1775 1122 malitia
1798 1092 1950 1123 formidat
1974 1096 2084 1123 contra

432 1139 604 1170 manifesta
628 1140 712 1170 bona
737 1140 856 1181 aliquid
882 1141 1039 1182 profiteri,
1075 1142 1150 1172 dum
1175 1143 1380 1183 generalibus
1405 1143 1485 1174 odiis
1511 1148 1641 1174 veretur
1665 1145 1793 1186 exponi.
1840 1144 1946 1185 Egisti
1975 1155 2083 1175 rerum

433 1190 560 1222 domino
595 1191 734 1222 iudicem
770 1193 962 1223 familiarem
997 1198 1029 1223 et
1065 1194 1225 1224 internum
1263 1205 1440 1236 procerem.
1496 1206 1568 1226 nam
1609 1207 1680 1226 cum
1717 1200 1804 1227 esset
1841 1196 1970 1238 publica
2007 1206 2083 1226 cura

390 1248 401 1267 2
434 1248 600 1276 vacuatus,
627 1244 805 1274 sententias
830 1244 1033 1286 prudentium
1059 1256 1077 1275 a
1101 1246 1165 1275 tuis
1190 1246 1307 1276 fabulis
1333 1247 1495 1287 exigebat,
1530 1251 1564 1277 ut
1589 1248 1682 1278 factis
1706 1248 1845 1289 propriis
1870 1259 1903 1279 se
1927 1250 2084 1288 aequaret

433 1295 583 1336 antiquis.
637 1296 804 1326 stellarum
838 1307 967 1329 cursus.
1004 1298 1101 1328 maris
1136 1299 1240 1335 sinus,
1276 1299 1412 1329 fontium
1443 1300 1596 1330 miracula
1631 1301 1762 1331 rimator
1795 1301 1999 1331 acutissimus
2035 1300 2082 1330 in-

433 1346 593 1387 quirebat,
626 1351 660 1377 ut
688 1358 792 1378 rerum
823 1349 946 1378 naturis
977 1348 1163 1389 diligentius
1194 1351 1404 1392 perscrutatis
1434 1352 1562 1392 quidam
1592 1357 1787 1394 purpuratus
1818 1352 1981 1383 videretur
2011 1362 2083 1383 esse

433 1398 656 1440 philosophus.
704 1400 800 1440 longa
825 1400 919 1437 fiunt,
950 1401 976 1430 si
1002 1405 1118 1431 cuncta
1143 1402 1359 1443 proferamus:
1391 1404 1466 1444 quin
1492 1404 1597 1445 potius
1624 1404 1663 1434 ad
1690 1404 1847 1435 beneficia
1870 1407 1979 1434 nostra
2008 1414 2082 1434 con-

435 1451 600 1482 vcrtimur.
630 1454 664 1481 ut
694 1453 778 1492 quod
809 1453 849 1483 ab
880 1453 933 1483 illo
958 1453 1217 1493 cognoscebatur
1246 1454 1372 1492 deberi,
1402 1455 1441 1485 ab
1474 1455 1594 1486 herede
1625 1456 1737 1497 inperii
1767 1456 1825 1486 tibi
1854 1456 1975 1486 sentias
2000 1455 2084 1485 iuste

393 1520 402 1526 υ
437 1503 588 1543 persolvi.
629 1503 835 1545 Quapropter
859 1504 989 1535 iuvante
1015 1505 1084 1540 deo,
1111 1516 1172 1546 quo
1199 1510 1331 1536 auctore
1357 1507 1464 1536 onmia
1488 1512 1729 1549 prosperantur,
1755 1507 1795 1538 ab
1813 1507 1987 1538 indictione
2005 1506 2083 1537 duo-

436 1554 559 1586 decima
585 1557 615 1586 in
640 1558 864 1598 praefecturae
889 1559 1114 1598 praetorianae
1140 1562 1171 1589 te
1198 1563 1354 1599 suggestu
1380 1563 1476 1600 atque
1503 1559 1682 1600 insignibus
1707 1560 1916 1597 collocannm,
1946 1562 1981 1589 ut
2009 1569 2083 1600 pro-

437 1607 546 1637 batum
572 1608 711 1639 iudicem
739 1610 807 1640 sine
833 1613 920 1640 metu
945 1610 1130 1651 provinciae
1157 1611 1343 1651 suscipiant,
1369 1621 1448 1651 quas
1472 1611 1628 1641 hactenus
1645 1612 1854 1653 inproborum
1875 1611 2084 1652 cognovimus

437 1660 561 1690 actione
597 1660 760 1701 fatigatas.
814 1661 870 1692 sed
907 1662 1052 1702 quamvis
1089 1662 1211 1693 habeas
1248 1666 1416 1703 paternam
1452 1663 1690 1704 praefecturam
1726 1662 1840 1693 Italico
1876 1663 1953 1693 orbe
1990 1673 2083 1704 prae-

437 1710 591 1747 dicatam,
623 1712 757 1743 aliorum
790 1713 847 1743 tibi
881 1717 988 1744 tamen
1022 1714 1173 1755 exempla
1204 1725 1267 1745 non
1300 1715 1463 1756 ponimus:
1496 1718 1587 1745 utere
1618 1715 1760 1746 moribus
1790 1715 1852 1745 tuis
1883 1719 1914 1745 et
1944 1715 2085 1745 omnium

439 1765 512 1792 vota
541 1764 721 1804 complesti.
768 1764 925 1796 Percurre
957 1765 1087 1796 iuvante
1117 1766 1175 1796 deo
1207 1767 1330 1806 gloriae
1361 1777 1523 1808 campum,
1554 1777 1649 1807 quem
1678 1777 1807 1808 semper
1836 1778 1854 1797 a
1884 1770 1914 1797 te
1940 1766 2085 1796 novimus

438 1815 628 1855 expetitum.
676 1826 749 1846 nam
775 1817 800 1846 si
825 1821 856 1847 tc
882 1818 1116 1852 continentem,
1146 1822 1180 1848 ut
1205 1818 1379 1852 credimus,
1411 1823 1443 1849 et
1467 1818 1607 1859 dignitas
1633 1819 1695 1849 ista
1718 1818 1917 1860 probaverit⁷
1948 1818 2006 1848 hoe
2037 1820 2087 1848 est

440 1866 561 1897 saeculi
586 1867 758 1898 ambitiosa
783 1879 965 1909 superasse.
1014 1870 1126 1900 solitus
1152 1881 1186 1901 es
1213 1870 1341 1911 quidem
1366 1871 1450 1900 iusta
1479 1881 1540 1900 non
1571 1870 1727 1901 vendere:
1758 1870 1815 1901 sed
1845 1881 1928 1900 nunc
1958 1872 2086 1911 oportet

439 1918 607 1959 inpensius
631 1919 728 1949 laesis
752 1931 809 1961 pcr
834 1921 981 1951 iniuriam
1008 1921 1190 1952 subvenire.
1236 1922 1384 1962 invigilet
1408 1922 1658 1963 incorruptibilis
1685 1933 1796 1952 sensus
1821 1922 1976 1952 adversus
2001 1921 2085 1951 male

440 1974 610 2001 consuetas
636 1981 764 2001 manus:
792 1972 984 2003 excludatur
1008 1973 1150 2014 undique
1176 1973 1316 2003 studium
1342 1973 1594 2011 fraudulentum,
1623 1974 1697 2015 quia
1722 1974 1782 2004 hoc
1807 1973 1937 2014 dignum
1962 1975 2012 2003 est
2028 1982 2086 2013 per

440 2021 578 2052 iudicem
602 2023 770 2063 provenire
797 2024 966 2055 sincerum.
1014 2024 1135 2055 diutius
1162 2025 1291 2066 quidem
1317 2024 1496 2055 differendo
1522 2035 1578 2066 pro
1602 2029 1633 2055 te
1663 2028 1849 2056 cunctorum
1880 2028 1955 2055 vota
1984 2024 2084 2054 lassa-

542 2134 813 2167 BZNKEOEfflar'J)

545 2213 556 2237 1
575 2217 628 2238 erat
643 2214 684 2237 K¹
745 2223 759 2238 a
774 2224 819 2238 om.
836 2216 856 2238 Α
946 2215 962 2239 2
980 2215 1138 2248 tantumque]
1159 2220 1308 2247 tantumque
1323 2220 1421 2240 tantum
1435 2216 1476 2239 Ba
1565 2215 1579 2239 3
1599 2217 1727 2241 beneficiis
1740 2214 1943 2246 RZNF¹(?)HI
1992 2213 2084 2246 locum]

439 2257 520 2281 litium
542 2257 563 2280 Α
652 2257 734 2289 tuum]
756 2258 857 2284 EFhi.
876 2263 929 2282 tum
950 2259 981 2284 Z,
1006 2263 1091 2283 tamen
1112 2259 1177 2287 HG,
1202 2264 1302 2283 tantum
1324 2259 1346 2285 Ι,
1372 2268 1420 2283 (¹711.
1440 2259 1560 2283 BA'KF2
1648 2263 1775 2292 praestare
1795 2259 1840 2282 NI
1958 2257 1973 2282 4
1992 2256 2085 2290 aliqua]

440 2300 493 2324 ulla
513 2300 583 2323 HG]
674 2300 804 2333 iudiciuin]
834 2302 959 2325 iudicauit
978 2302 1048 2326 ΝΚ]
1182 2301 1194 2325 ‘t'
1214 2301 1285 2334 uitia]
1315 2303 1403 2326 iuditia
1425 2302 1558 2329 Halm),
1586 2304 1654 2327 iudia
1681 2303 1718 2326 rel
1743 2302 1810 2326 uidia
1830 2300 1897 2325 [poa]
1987 2305 2086 2326 extruc-

441 2348 494 2367 tum
509 2343 551 2366 Na
604 2352 659 2367 raro
670 2343 795 2367 XKEFI
878 2346 894 2368 S
908 2346 1055 2376 magistram
1067 2346 1100 2376 Κ,
1122 2347 1295 2370 maiestariam
1307 2346 1376 2373 ΗἸ,
1397 2347 1564 2371 maiesteriam
1577 2346 1622 2369 Η2
1711 2344 1726 2368 9
1738 2344 1864 2377 largitate]
1885 2345 2009 2377 dignitate
2019 2344 2086 2368 ΕἈ

443 2385 474 2410 10
492 2387 601 2410 det'etato
620 2386 659 2410 E¹
774 2387 799 2411 11
823 2388 962 2420 exigebatis
982 2388 1021 2411 Ε]
1137 2388 1167 2412 12
1187 2390 1315 2413 uacuabat
1335 2389 1397 2413 alios
1421 2388 1529 2419 (alienos
1549 2389 1592 2413 Hi
1617 2388 1678 2421 lau]
1706 2389 1815 2412 uacabat
1833 2389 1865 2412 al.
1886 2389 2000 2412 laborare
2019 2387 2086 2411 E¹A

492 2428 561 2461 suae]
581 2433 624 2452 tue
643 2429 710 2453 Hm
802 2430 832 2454 13
851 2431 943 2462 probos
963 2430 1017 2454 ΝΚ
1115 2430 1145 2455 14
1164 2436 1264 2455 constat
1284 2431 1358 2463 cred]
1380 2433 1511 2456 constabat
1529 2434 1585 2459 (om.
1606 2433 1681 2459 cred)
1696 2431 1768 2455 HGI
1862 2431 1893 2456 15
1912 2431 2030 2455 nesciunt
2043 2429 2086 2454 Ηι

443 2472 474 2496 16
492 2473 631 2496 aduersarii
651 2472 733 2499 H2G.
761 2473 807 2496 iur.
828 2473 871 2496 Η1
955 2475 1034 2497 coacti
1054 2482 1129 2505 saepe
1149 2474 1195 2498 loc.
1215 2473 1283 2506 sunt]
1306 2474 1395 2505 BHG,
1424 2484 1500 2507 saepe
1519 2484 1539 2498 c.
1559 2475 1574 2499 l.
1594 2479 1654 2499 sunt
1674 2475 1701 2503 1,
1729 2482 1803 2506 saepe
1823 2475 1839 2498 l.
1859 2483 1877 2498 s.
1898 2478 1976 2498 coast.
1995 2473 2086 2505 reliqui

444 2515 473 2540 17
492 2517 582 2540 animis
601 2525 652 2540 non
672 2517 802 2540 habebant
822 2517 891 2541 E¹F
957 2518 1107 2541 formidabat
1127 2518 1155 2541 K
1266 2518 1296 2542 19
1317 2519 1341 2542 in
1361 2523 1476 2543 eternum
1497 2518 1525 2542 Κ
1626 2517 1660 2542 20
1678 2518 1831 2549 prudentum
1851 2516 1935 2547 EFA,
1954 2524 2086 2548 procerum

443 2560 595 2591 prudentum
612 2560 719 2588 (—tium
734 2559 775 2585 II)
790 2559 860 2583 HG]
919 2564 947 2584 ut
960 2562 974 2584 s.
990 2570 1023 2593 pr.
1040 2570 1058 2585 s.
1074 2566 1194 2592 aequaret
1210 2562 1246 2585 his
1261 2561 1303 2585 Κ1
1397 2561 1426 2585 21
1448 2560 1528 2593 sinus]
1550 2562 1589 2585 sui
1603 2561 1651 2590 ΕΙ,
1669 2569 1759 2584 cursus
1773 2560 1833 2589 HG,
1852 2564 1934 2584 motus
1949 2558 2091 2583 NKE²FI

493 2603 671 2626 miraculorum
690 2602 716 2626 E
807 2603 1000 2634 antiquissimus
1020 2603 1046 2627 N
1169 2603 1201 2628 22
1225 2613 1279 2628 esse
1305 2613 1352 2629 om.
1374 2605 1401 2628 Κ
1520 2602 1552 2626 23
1571 2602 1644 2634 fiunt]
1670 2607 1730 2628 sunt
1748 2603 1928 2627 NKEFHo'I
2014 2600 2085 2634 quin]

442 2654 516 2677 quem
531 2645 560 2669 H
622 2649 802 2670 conuertamur
815 2645 857 2669 Ba
959 2644 992 2670 ‘25
1011 2650 1095 2670 actore
1110 2647 1134 2670 Z
1228 2647 1261 2671 26
1280 2646 1466 2679 praefecturae]
1488 2646 1639 2679 perfectione
1654 2646 1681 2669 H
1779 2644 1812 2669 27
1832 2649 1901 2670 motu
1921 2645 1951 2669 H
2012 2654 2085 2677 cogn.

442 2689 513 2720 impr.
535 2688 589 2712 NK
681 2687 715 2712 28
734 2689 906 2720 praedicatum
927 2688 956 2711 N
1047 2688 1079 2713 29
1099 2689 1178 2721 utere]
1198 2691 1296 2722 scripsi,
1315 2695 1402 2715 uetera
1422 2691 1480 2714 libri
1542 2692 1565 2713 et
1585 2698 1632 2713 om.
1652 2688 1722 2712 EFI
1811 2688 1844 2713 30
1863 2692 1922 2713 uoto
1942 2689 1965 2712 A
2032 2696 2086 2720 per-

442 2740 542 2755 currere
562 2731 590 2754 Κ
697 2730 727 2755 31
748 2731 893 2762 expeditum
914 2731 986 2755 HGV
1061 2735 1085 2755 et
1104 2741 1150 2756 om.
1172 2732 1225 2756 EF
1297 2734 1330 2757 ita
1349 2733 1373 2756 B
1486 2731 1518 2757 32
1537 2732 1660 2756 sollicitus
1679 2731 1705 2755 E
1782 2736 1819 2756 est
1838 2732 1870 2755 H
1941 2735 2027 2764 oporta
2046 2731 2086 2754 B¹

441 2773 474 2797 33
493 2774 612 2806 impensis
631 2774 655 2797 A
717 2774 817 2805 iruigile
837 2773 885 2799 Ε).
904 2774 1049 2806 Ininuigilet
1067 2775 1100 2798 H
1190 2775 1223 2799 34
1242 2777 1425 2801 fraudulentu*
1445 2776 1484 2800 13¹
1584 2774 1617 2799 35
1637 2775 1767 2807 peruenire
1782 2775 1805 2798 A
1868 2775 2023 2799 disoereudo
2036 2774 2087 2805 B³,

442 2818 585 2841 disserendo
605 2816 647 2840 Bb
718 2817 862 2842 laxauimus
882 2817 946 2841 Flw
