2279 3261
451 196 509 225 176
1170 191 1381 218 OASSIODORI

449 279 656 311 dentissimus
681 282 713 309 et
738 278 898 308 divinitati
922 277 1063 308 maxime
1088 278 1244 318 probatur
1268 281 1432 319 acceptus.
1478 289 1550 308 nam
1577 289 1648 308 cum
1674 278 1800 309 Pharao
1828 289 1886 309 rex
1911 278 2095 319 Aegyptius

448 331 487 362 de
511 331 656 372 periculo
680 330 808 360 futurae
834 330 927 360 famis
950 329 1104 360 inauditis
1130 330 1262 360 somniis
1286 333 1459 371 urgeretur
1489 340 1548 359 nec
1579 329 1736 360 visionem
1768 332 1889 360 tantam
1919 329 2095 360 humanum

446 385 557 423 posset
581 381 726 411 revelare
752 381 930 413 consilium,
956 381 1074 422 Ioseph
1099 381 1147 411 vir
1170 382 1284 412 beatus
1310 382 1460 412 inventus
1486 384 1545 418 est,
1571 381 1624 422 qui
1649 384 1681 411 et
1702 381 1809 411 futura
1825 381 1984 412 veraciter
2001 392 2094 422 prae-

448 433 570 463 diceret
587 436 619 463 et
643 433 838 473 periclitanti
860 433 980 474 populo
1002 432 1288 473 providentissime
1313 433 1510 464 subveniret.
1549 432 1623 473 Ipse
1647 432 1785 472 primum
1811 432 1906 462 huius
1930 432 2096 473 dignitatis

447 484 563 514 infulas
588 484 804 514 consecravit:
829 484 899 525 ipse
924 488 1111 525 carpentum
1138 484 1335 515 reverendus
1353 483 1510 514 ascendit:
1536 483 1575 513 ad
1593 483 1654 513 hoc
1671 483 1794 523 gloriae
1811 483 1937 513 culmen
1954 487 2096 519 evectus,

449 538 484 566 ut
505 546 564 576 per
587 535 780 576 sapientiam
807 536 969 567 conferret
993 536 1121 577 populis
1147 536 1229 576 quod
1254 539 1420 577 praestare
1444 546 1507 565 non
1539 537 1689 576 potuerat
1718 534 1864 575 potentia
1892 534 2095 566 dominantis.

447 587 486 617 ab
516 587 569 617 illo
598 598 736 628 namque
766 587 952 629 patriarcha
980 591 1012 618 et
1040 599 1124 618 nunc
1154 591 1247 629 pater
1270 588 1454 629 appellatur
1477 587 1620 628 imperii:
1651 586 1758 627 ipsum
1782 586 1941 627 hodieque
1967 589 2097 618 resonat

447 649 511 669 vox
535 639 715 679 praeconis,
741 639 903 669 instruens
928 639 1076 675 iudicem7
1102 650 1140 669 ne
1166 650 1200 669 se
1226 639 1366 680 patiatur
1391 649 1463 669 esse
1488 638 1689 668 dissimilem:
1717 638 1838 673 merito,
1863 642 1907 675 ut,
1932 638 1982 668 cui
2006 641 2096 669 tanta

446 692 589 730 potestas
612 690 716 731 potuit
737 690 815 727 dari,
840 690 1003 720 videretur
1024 700 1152 731 semper
1177 690 1338 720 subtiliter
1362 690 1549 720 ammoneri.
1588 688 1755 724 Quaedam
1780 689 1866 720 enim
1891 689 1965 719 huic
1990 689 2093 730 digni·

449 740 507 771 tati
538 744 570 771 et
599 741 765 772 nobiscum
792 742 863 772 iura
891 741 1072 771 communia
1102 744 1184 771 sunt.
1233 741 1369 772 exhibet
1399 741 1483 771 enim
1516 741 1585 771 sine
1615 740 1869 782 praescriptione
1892 740 2096 782 longinquos,

447 802 566 833 magna
591 793 770 834 quantitate
795 793 911 823 multat
935 796 1093 829 errantem
1122 793 1235 823 fiscum
1266 803 1323 833 pro
1355 803 1414 823 sua
1442 792 1676 823 deliberatione
1705 792 1882 829 distribuit,
1912 793 2097 824 evectiones

449 844 545 874 simili
569 847 728 885 potestate
753 845 897 885 largitur,
928 844 1077 875 vacantia
1103 844 1185 874 bona
1210 844 1392 885 proscribit,
1423 844 1543 874 delicta
1566 844 1806 885 provinciarum
1831 843 1971 874 iudicum
1997 844 2096 885 punit,

447 895 547 926 verbo
577 896 772 926 sententiam
802 896 889 926 dicit.
936 896 1010 937 quid
1041 900 1105 932 est,
1138 895 1222 937 quod
1252 907 1313 926 non
1345 896 1464 927 habeat
1496 897 1718 929 commissum,
1750 896 1839 926 cuius
1868 898 1918 926 est
1946 896 1995 926 vel
2027 896 2097 937 ipse

449 957 554 977 sermo
586 946 760 977 iudicium?
814 958 917 989 paene
950 951 1012 980 est,
1048 951 1082 978 ut
1111 948 1201 988 leges
1233 948 1334 989 possit
1367 947 1521 981 condere¹
1555 947 1683 988 quando
1716 947 1784 977 eius
1817 947 1998 977 reverentia
2030 947 2097 978 sine

420 1005 430 1021 ⁵
450 998 666 1039 appellatione
699 1001 804 1039 potest
835 1000 965 1040 negotia
996 999 1179 1030 terminare.
1235 1000 1406 1040 Ingressus
1444 999 1599 1041 palatium
1631 1002 1739 1029 nostra
1771 998 2002 1029 consuetudine
2035 998 2097 1029 fre-

449 1052 584 1090 quenter
607 1049 758 1080 adoratur
783 1053 815 1081 et
838 1051 902 1081 tale
929 1051 1068 1081 officium
1098 1062 1218 1082 morem
1249 1051 1376 1081 videtur
1406 1051 1548 1082 solvere.
1582 1050 1666 1091 quod
1695 1050 1774 1081 alios
1803 1050 1906 1091 potuit
1936 1060 2097 1082 accusare.

447 1104 610 1142 potestate
646 1101 745 1142 igitur
778 1102 866 1132 nulla
902 1102 1044 1142 dignitas
1080 1106 1128 1132 est
1159 1102 1315 1143 aequalis.
1367 1102 1436 1133 vice
1472 1113 1565 1132 sacra
1596 1101 1716 1142 ubique
1747 1101 1878 1132 iudicat.
1928 1101 2035 1132 nullus
2068 1102 2098 1132 ei

448 1152 541 1183 miles
565 1152 605 1183 de
629 1153 689 1183 fori
719 1153 767 1183 sui
796 1153 987 1184 auctoritate
1017 1154 1211 1194 praescribit
1239 1157 1377 1195 excepto
1407 1153 1537 1184 officiali
1567 1153 1713 1194 magistri
1743 1153 1892 1183 militum:
1923 1152 2034 1191 credo,
2064 1156 2099 1184 ut

448 1204 497 1234 vel
533 1204 594 1235 illis
631 1204 751 1246 aliquid
787 1205 961 1245 antiquitas
998 1205 1144 1241 cederet}
1184 1206 1236 1246 qui
1272 1205 1464 1236 videbantur
1499 1216 1555 1247 pro
1594 1216 1626 1236 re
1662 1205 1792 1247 publica
1827 1204 1912 1235 bella
1947 1207 2098 1236 tractare.

449 1256 586 1286 curiales
611 1256 707 1287 etiam
732 1256 896 1290 verberat,
927 1257 979 1298 qui
1003 1257 1159 1298 appellati
1184 1260 1258 1287 sunt
1282 1257 1408 1298 legibus
1438 1258 1540 1288 minor
1569 1260 1710 1287 senatus.
1760 1256 1797 1286 In
1826 1256 1932 1287 officio
1963 1266 2019 1286 suo
2049 1256 2099 1286 ius

448 1308 566 1338 retinet
591 1308 755 1349 singulare
780 1312 812 1339 et
836 1308 954 1339 talibus
980 1309 1145 1350 tantisque
1170 1309 1313 1339 noscitur
1338 1309 1460 1343 iubere,
1490 1319 1568 1350 quos
1593 1309 1688 1340 etiam
1713 1308 1952 1350 provinciarum
1975 1307 2099 1338 iudices

448 1370 510 1390 non
535 1359 677 1391 audeant
700 1360 730 1390 in
755 1360 863 1401 aliqua
887 1364 978 1402 parte
1004 1365 1223 1391 contemnere.
1264 1361 1403 1391 officium
1430 1361 1525 1402 plane
1551 1360 1728 1401 geniatum*
1754 1359 1882 1395 efficax,
1907 1359 2099 1390 instructum

449 1415 480 1442 et
508 1415 577 1442 tota
606 1412 704 1442 animi
735 1412 886 1442 firmitate
912 1412 1148 1453 praevalidum.
1181 1413 1234 1454 qui
1259 1413 1303 1443 sic
1328 1416 1486 1454 peragent
1513 1413 1616 1449 iussa,
1648 1415 1682 1442 ut
1705 1412 1802 1442 nullis
1827 1414 1993 1442 morentur
2017 1410 2098 1441 dila—

449 1463 591 1494 tionibus
625 1464 794 1505 imperata.
847 1464 959 1494 militia
991 1464 1168 1505 perfunctis
1200 1464 1400 1495 tribunorum
1434 1468 1465 1494 et
1498 1464 1696 1494 notariorum
1729 1463 1885 1493 honorem
1920 1462 2032 1493 tribuit
2069 1465 2101 1493 et

451 1515 571 1545 milites
596 1525 671 1545 suos
694 1515 757 1545 illis
783 1519 958 1556 exaequat,
988 1516 1041 1556 qui
1065 1516 1150 1545 inter
1174 1526 1325 1557 proceres
1349 1515 1441 1546 mixti
1467 1516 1584 1546 nostris
1610 1514 1840 1556 conspectibus
1866 1513 2100 1545 obsecundant.

452 1566 628 1598 Gratanter
651 1567 823 1607 implemus
847 1577 928 1608 quae
954 1567 1008 1598 ille
1033 1568 1208 1598 constituit.
1240 1568 1330 1597 cuius
1355 1567 1539 1598 reverentia
1563 1570 1595 1597 et
1619 1577 1677 1597 nos
1703 1567 1746 1596 ita
1777 1565 2036 1607 constringimur,
2066 1569 2101 1596 ut

452 1618 522 1649 sine
547 1617 750 1648 dubitatione
775 1618 933 1648 faciamus
958 1629 1039 1660 quae
1072 1619 1161 1649 illum
1191 1619 1373 1649 decrevisse
1403 1619 1638 1659 cognoscimus.
1686 1629 1748 1648 non
1778 1618 1941 1649 inmerito.
1974 1617 2101 1658 quando

450 1670 605 1712 palatium
636 1680 694 1700 sua
722 1670 907 1711 provisione
938 1674 1112 1707 sustentat,
1149 1670 1366 1701 servientibus
1397 1670 1487 1701 nobis
1515 1674 1665 1711 procurat
1693 1680 1853 1706 annonas,
1882 1669 2100 1700 humanitates

452 1722 531 1763 ipsis
561 1731 688 1762 quoque
719 1721 879 1752 iudicibus
910 1722 1000 1759 facit,
1033 1723 1158 1763 legatos
1189 1723 1333 1764 gentium
1362 1732 1497 1753 voraces
1527 1722 1639 1763 explet
1669 1721 1925 1752 ordinationibus
1956 1721 2037 1752 suis:
2070 1724 2102 1751 et

452 1774 529 1804 licet
553 1773 635 1804 aliae
660 1773 836 1814 dignitates
860 1773 1003 1805 habeant
1026 1774 1136 1805 titulos
1161 1774 1358 1815 praefinitos,
1389 1774 1429 1804 ab
1454 1774 1514 1804 ista
1538 1784 1640 1815 paene
1665 1776 1767 1804 totum
1793 1773 1925 1814 geritur„
1950 1772 2101 1814 quicquid

452 1826 483 1856 in
515 1825 650 1866 imperio
681 1828 791 1855 nostro
823 1826 986 1866 aequabili
1018 1825 1241 1856 moderatione
1271 1829 1437 1856 tractatur.
1488 1825 1581 1856 Hanc
1612 1825 1751 1866 denique
1783 1835 1929 1855 curarum
1960 1824 2101 1854 omnium

452 1877 702 1918 pulcherrimam
728 1877 861 1911 molemq
887 1877 972 1918 quod
995 1888 1185 1919 prosperum
1210 1877 1316 1913 nobis„
1347 1877 1425 1907 utile
1451 1878 1496 1908 rei
1521 1877 1670 1919 publicae
1696 1877 1750 1909 sit.
1782 1876 1821 1907 ab
1847 1876 1902 1907 illa
1925 1875 2101 1906 indictione

452 1929 515 1959 tuis
539 1928 658 1959 umeris
683 1928 838 1959 decenter
862 1929 1061 1970 inponimus.¹
1092 1939 1186 1969 quam
1211 1932 1245 1959 tu
1271 1932 1302 1959 et
1330 1929 1451 1969 ingenii
1481 1929 1599 1960 virtute
1631 1929 1793 1959 sustineas
1824 1931 1856 1959 et
1885 1938 2010 1958 summa
2039 1927 2101 1958 fide

454 1984 592 2011 tractare
617 1980 803 2011 contendas.
849 1991 931 2022 quae
955 1984 1110 2022 quantum
1141 1980 1277 2010 diversis
1307 1980 1579 2011 sollicitudinibus
1608 1980 1849 2021 constringitur,
1880 1982 1971 2010 tanto
2001 1979 2103 2020 magis

423 2031 567 2063 «laudes
603 2032 819 2073 amplissimas
854 2032 993 2073 dignitas
1030 2033 1111 2063 haec
1149 2032 1339 2073 triumphat.
1395 2031 1437 2062 Et
1475 2031 1547 2063 ideo
1586 2036 1711 2063 tantum
1751 2032 1860 2062 lumen
1898 2031 2021 2072 gloriae
2062 2031 2103 2061 sit

454 2084 634 2115 actionibus
670 2085 800 2117 vestris,
839 2089 874 2115 ut
913 2089 945 2116 et
982 2086 1103 2127 palatio
1143 2088 1253 2116 nostro
1292 2085 1416 2126 fulgeat
1455 2088 1487 2115 et
1526 2084 1558 2114 in
1596 2084 1832 2126 provinciarum
1868 2082 2102 2123 longinquitate

557 2204 807 2236 LBKP(TU)E(F)

558 2273 570 2297 1
592 2274 690 2298 diuitati
710 2273 749 2297 R¹
825 2274 962 2306 probamur
981 2274 1029 2304 E2,
1054 2275 1204 2306 probaretur
1224 2274 1251 2298 F
1358 2273 1374 2298 ⁴2
1393 2274 1507 2307 pericul*
1528 2273 1568 2297 R¹
1677 2272 1692 2296 3
1712 2274 1791 2305 possit
1810 2272 1858 2296 LR
1932 2273 2001 2304 iosep
2026 2271 2104 2302 TEF,

454 2318 501 2341 inc.
519 2317 558 2341 Ua
628 2318 713 2341 future
727 2315 810 2349 R¹[?]
881 2317 1036 2349 praedicaret
1049 2317 1072 2341 R
1176 2316 1192 2341 4
1213 2326 1263 2349 per.
1284 2326 1338 2349 pop.
1354 2321 1413 2348 post
1432 2317 1502 2349 prud.
1519 2317 1569 2340 TL'
1635 2316 1830 2348 prudentissime
1846 2315 1932 2339 TUAe
2032 2313 2048 2338 5
2067 2315 2103 2338 in<

455 2361 535 2385 sulam
549 2360 600 2383 TU
653 2360 820 2384 reuerendum
836 2360 864 2386 Γ,
883 2364 1028 2384 reuerenter
1043 2361 1066 2384 T
1156 2360 1171 2385 6
1190 2365 1287 2392 poterat
1303 2360 1355 2384 EF
1446 2360 1460 2384 7
1481 2361 1614 2392 ipsumque
1634 2360 1706 2384 hodie
1725 2359 1752 2389 T,
1771 2360 1855 2391 ipsum
1874 2367 1974 2390 quoque
1994 2358 2067 2382 hodie
2083 2357 2108 2381 U

454 2402 470 2427 S
489 2403 548 2427 diss.
569 2411 623 2426 esse
637 2402 661 2426 P
729 2406 801 2426 tanta
820 2411 867 2426 om.
883 2402 906 2425 Ii’
1011 2402 1026 2426 *J
1046 2403 1099 2426 [lari
1119 2408 1167 2435 pot.
1183 2403 1206 2426 11²
1313 2402 1344 2427 10
1362 2402 1516 2433 communia]
1538 2403 1622 2427 omnia
1636 2403 1661 2426 P
1724 2401 1929 2434 praescriptione]
1944 2400 2104 2431 PTUEFA,

456 2446 635 2477 perscriptione
657 2445 710 2475 LR,
739 2446 919 2477 proscriptione
940 2445 966 2468 Ι(
1096 2445 1125 2469 11
1151 2444 1252 2478 magna}
1279 2450 1362 2477 magta
1383 2445 1423 2469 Pa
1521 2446 1603 2470 multa
1625 2450 1749 2470 tetrantes
1772 2445 1797 2471 T.
1825 2446 1904 2469 multa
1927 2449 2064 2469 tractantes
2084 2444 2108 2468 ζ’

508 2488 645 2512 euectionis
659 2487 738 2515 LPT,
757 2489 887 2512 euectione
904 2488 928 2511 ζ’
1020 2487 1051 2512 12
1070 2487 1189 2520 largitur]
1209 2489 1345 2520 largitatur
1358 2488 1392 2514 Κ.
1411 2489 1539 2513 distribuit
1554 2489 1591 2512 R¹
1653 2488 1848 2520 prouincialium
1863 2488 1916 2512 EF
2005 2486 2037 2511 13
2056 2486 2102 2519 est]

455 2532 522 2556 enim
536 2530 589 2555 EF
647 2531 714 2562 quod
733 2540 780 2554 0111.
795 2530 834 2554 R¹
932 2530 963 2555 14
983 2531 1094 2555 iudicum
1110 2531 1134 2555 P
1193 2530 1308 2563 quando]
1328 2532 1448 2563 quoniam
1464 2532 1516 2556 EF
1577 2536 1627 2564 pot.
1647 2539 1704 2563 neg.
1724 2532 1778 2555 sine
1796 2539 1852 2563 app.
1868 2531 1905 2554 A?
2007 2530 2037 2555 15
2056 2534 2103 2555 ter-

457 2574 565 2605 minare]
592 2574 664 2598 finire
684 2574 749 2597 ΚΑΘ
837 2578 922 2599 nostra
946 2582 993 2598 om.
1012 2574 1037 2598 P
1158 2574 1187 2598 17
1211 2574 1315 2607 ubique]
1343 2576 1386 2599 ubi
1406 2575 1445 2598 E¹
1571 2573 1602 2599 18
1625 2573 1750 2606 magistri]
1777 2583 1898 2606 inagnum
1919 2574 1969 2603 KQ
1995 2574 2042 2597 inc.
2061 2573 2102 2597 K¹

458 2617 489 2641 19
508 2616 567 2649 illis]
588 2617 625 2641 illi
644 2617 701 2646 EF,
720 2625 767 2641 om.
783 2616 834 2640 TU
899 2618 1034 2643 uidebatur
1053 2619 1104 2643 EF
1205 2618 1236 2644 ⁴21
1258 2629 1308 2644 non
1328 2620 1386 2644 aud.
1407 2621 1458 2644 iud.
1480 2620 1516 2643 ΑΒ
1621 2618 1654 2643 ‘22
1673 2618 1813 2651 geniatum]
1838 2619 1997 2650 geffiniatum
2019 2617 2045 2641 Κ
2053 2615 2104 2650 1[ἲ]

459 2660 492 2684 23
511 2664 633 2692 peragent
651 2661 720 2684 iussa
743 2658 780 2691 ut]
806 2664 938 2691 perageret
961 2661 1029 2686 iussa
1053 2666 1081 2686 ut
1100 2662 1158 2687 EF.
1184 2664 1347 2695 pei-agentius
1366 2667 1451 2688 autem
1471 2663 1497 2693 T,
1521 2663 1665 2695 peragentis
1684 2666 1730 2686 aut
1745 2661 1769 2685 (7
1886 2660 1919 2685 24
1938 2662 2061 2693 imparata
2081 2660 2108 2684 F

508 2707 533 2727 et
555 2711 602 2727 om.
617 2702 656 2726 El
786 2702 820 2727 ‘223
839 2707 981 2735 exequatur
999 2703 1087 2736 T[*[?]
1181 2705 1367 2738 conspectibus]
1388 2705 1562 2735 LRPTlfAe,
1585 2705 1741 2729 iussionibus
1760 2704 1845 2731 KEF,
1868 2704 2045 2736 conspectibus
2070 2703 2103 2727 al.

457 2746 612 2771 iussionibus
632 2745 672 2769 Al*
776 2745 809 2770 ⁴26
828 2750 853 2770 et
872 2755 917 2770 nos
937 2747 970 2771 ita
992 2756 1039 2771 om.
1055 2747 1105 2771 TU
1205 2747 1236 2771 *27
1257 2747 1369 2780 quando]
1395 2749 1515 2780 quoniam
1534 2747 1588 2772 EF
1688 2746 1721 2771 ‘29
1739 2756 1814 2779 quoq.
1835 2748 1881 2779 ips.
1901 2747 1951 2771 iud.
1972 2746 2004 2777 R,
2028 2754 2102 2778 quoq.

456 2789 508 2813 ind.
528 2789 573 2821 ips.
588 2788 625 2812 Aa
730 2788 764 2813 30
782 2792 824 2813 tot.
845 2797 908 2820 pene
923 2789 945 2812 A
1051 2789 1082 2814 31
1102 2791 1127 2814 in
1147 2799 1194 2814 om.
1210 2790 1263 2814 ΚΕ
1330 2795 1415 2816 nostro
1434 2800 1482 2816 om.
1497 2791 1525 2815 F
1592 2790 1718 2821 (a)equali
1735 2790 1786 2814 TU
1856 2798 1975 2814 curarum
1995 2798 2042 2814 om.
2058 2789 2109 2813 TU

456 2831 489 2856 35
509 2833 644 2864 dignitates
664 2832 704 2855 Pa
775 2831 817 2863 sit]
837 2833 872 2856 sie
893 2831 926 2861 K,
946 2833 973 2855 fit
993 2833 1015 2855 11
1121 2832 1154 2857 36
1174 2837 1198 2857 et
1216 2842 1263 2857 (ml.
1278 2834 1302 2857 P
1371 2833 1474 2866 palatio]
1495 2836 1519 2859 in
1539 2843 1560 2867 p.
1582 2835 1605 2858 Α
1677 2834 1857 2866 ling-inquitate
1876 2833 1913 2858 L¹
