2279 3261
358 659 376 687 [ὑ

358 814 374 841 ’.3

361 2040 379 2069 [ό

441 169 502 198 256
1163 167 1374 194 CASSIODORI

1215 314 1322 346 xxv.

677 381 872 413 IOHANNI
890 375 994 414 ἶν’-ῖς
1020 381 1377 414 REFERENDARIO
1402 383 1727 415 ATHALARIOUS
1751 384 1853 416 REX.
1937 414 1961 433 C·
1979 413 2008 433 a·
2027 404 2089 434 527

541 451 644 482 Valde
669 451 801 492 dignum
826 455 876 482 est
899 453 930 482 in
956 452 1002 483 eis
1027 452 1134 483 aliena
1158 463 1299 491 servare,
1325 453 1440 494 quibus
1457 463 1514 484 nos
1533 456 1661 495 oportet
1676 454 1809 496 propria
1826 454 1911 485 dona
1928 455 2085 486 conferre.

439 503 515 544 quid
544 503 631 533 enim
660 503 699 534 de
728 503 784 534 illa
813 504 1034 535 munificentia
1061 505 1165 546 possis
1190 505 1372 545 ambigere,
1404 504 1531 545 quando
1557 516 1575 536 a
1599 505 1691 536 nobis
1716 508 1747 536 te
1771 506 1934 547 intellegis
1959 507 2086 545 mereri,

440 554 523 595 quod
548 565 566 585 a
589 555 707 586 nostris
732 555 962 586 decessoribus
988 556 1165 598 accepisti?
1211 556 1400 597 profitemur
1424 557 1534 598 itaque
1559 557 1694 588 alterius
1720 557 1849 598 quidem
1875 557 2004 595 donum⁷
2030 558 2086 589 sed

408 613 418 631 Ξ·
439 609 585 637 nostrum
610 617 682 637 esse
709 607 859 638 iudicium
885 610 917 639 et
941 607 1130 639 modernam
1148 608 1303 650 principis
1322 612 1462 639 mentem
1479 609 1689 650 praevenisse
1707 612 1832 640 tantum
1850 609 2089 641 velocissimam

438 658 634 699 largitatem.
673 658 759 689 Hinc
777 662 826 689 est
851 659 936 700 quod
961 659 1053 690 divae
1077 661 1254 691 memoriae
1280 670 1375 690 avum
1397 663 1528 691 nostrae
1554 660 1745 691 clementiae
1771 660 1899 692 domum
1924 661 1956 691 in
1982 663 2087 692 castro

438 708 615 740 Lucullano
639 711 785 751 positam,
810 711 1039 752 obsequiorum
1063 714 1193 742 tuorum
1217 711 1390 742 sedulitate
1414 715 1636 754 provocatum7
1663 715 1790 743 constat
1807 712 1948 743 voluisse
1966 713 2088 754 largiri.

439 761 528 791 cuius
545 761 791 803 dispositionem
812 767 941 793 secutus
959 763 1113 804 patricius
1132 763 1250 794 Tuluin
1273 766 1483 804 posteaquam
1510 764 1556 794 illi
1580 767 1691 795 nostra
1716 767 1766 795 est
1791 764 1986 796 liberalitate
2012 775 2088 795 con-

438 823 545 849 cessa„
577 814 757 855 praefatam
792 814 922 845 domum
955 819 1029 846 actu
1060 815 1205 856 legitimo
1239 816 1270 846 in
1304 819 1360 846 tua
1389 816 1510 857 optime
1540 816 1611 846 iura
1639 816 1829 846 transmisit.
1882 816 2090 857 Quapropter

438 865 598 896 serenitas
622 869 732 896 nostra
756 867 807 896 vel
832 866 1002 897 inchoatae
1028 867 1203 897 voluntatis
1229 867 1427 898 desiderium
1452 868 1504 898 vel
1529 867 1648 898 Tuluin
1672 868 1881 909 plenissimae
1906 867 2089 899 donationis

439 917 590 947 effectum
615 918 781 959 praesenti
805 918 999 949 auctoritate
1025 918 1285 956 corroboramus,
1316 922 1350 950 ut
1375 929 1473 961 saepe
1499 919 1585 950 dicta
1610 919 1723 950 domus
1750 919 1906 961 patriciae
1937 919 2089 951 recorda-

438 968 533 999 tionis
558 968 689 1010 Agnelli
714 970 746 1000 in
770 970 950 1001 Lucullano
976 973 1083 1001 castro
1108 970 1215 1011 posita
1240 981 1311 1001 cum
1337 971 1488 1002 omnibus
1513 971 1553 1002 ad
1578 982 1612 1002 se
1636 971 1876 1013 pertinentibus
1902 971 1934 1002 in
1958 974 2014 1002 tua
2037 971 2090 1002 vel

437 1020 594 1051 heredum
618 1024 745 1052 tuorum
770 1022 980 1064 possessione
1005 1025 1210 1064 permaneat,
1240 1026 1272 1053 et
1297 1022 1449 1064 quicquid
1474 1022 1513 1053 de
1538 1022 1598 1053 hac
1623 1022 1730 1054 facere
1754 1023 1924 1061 malueris,
1955 1021 2089 1053 habebis

437 1072 573 1103 liberam
600 1075 814 1114 potestatem,
846 1074 1021 1105 cuiuslibet
1049 1075 1101 1105 vel
1126 1075 1241 1116 privati
1266 1075 1318 1106 vel
1349 1075 1470 1116 publici
1500 1074 1637 1105 nominis
1666 1074 1801 1116 posthac
1832 1073 2090 1116 inquietudinem

407 1144 410 1148 ·
440 1128 695 1156 summoventes:
729 1125 783 1156 ubi
813 1129 844 1156 et
874 1127 900 1156 si
931 1126 1007 1167 quid
1037 1129 1124 1157 esset
1152 1126 1300 1167 quolibet
1324 1137 1415 1164 casu„
1447 1126 1592 1168 qualibet
1616 1126 1825 1167 inquisitione
1850 1125 1997 1156 fortassis
2021 1136 2089 1156 am-

438 1176 582 1217 biguum,
606 1176 701 1207 huius
726 1178 930 1208 auctoritatis
955 1180 1086 1209 nostrae
1111 1178 1229 1208 iudicio
1255 1182 1384 1209 constat
1408 1179 1591 1220 explosum.
1630 1178 1738 1209 fruere
1762 1178 1891 1209 iuvante
1913 1177 1974 1208 deo
1993 1176 2089 1208 rebus

437 1228 573 1269 propriis
603 1239 644 1259 ex
674 1232 786 1260 nostra
816 1240 942 1271 quoquc
975 1229 1169 1261 auctoritate
1201 1229 1358 1261 solidatis.
1411 1230 1465 1261 alii
1497 1230 1582 1261 enim
1615 1230 1674 1261 tibi
1709 1230 1778 1260 iura
1812 1229 1961 1270 legitima
1995 1239 2089 1270 prae-

438 1280 603 1317 stiterunt,
633 1290 690 1311 nos
715 1281 934 1322 possessionis
960 1282 1102 1322 quietem
1128 1285 1160 1312 et
1185 1282 1310 1312 cunctis
1335 1282 1476 1313 saeculis
1502 1292 1649 1313 securam
1674 1281 1868 1312 conferimus
1893 1280 2088 1311 firmitatem.

437 1331 502 1363 Sed
526 1342 566 1362 ne
592 1332 663 1373 quis
687 1332 824 1364 forsitan
849 1336 914 1364 tam
937 1333 1091 1374 egregiae
1109 1333 1284 1364 voluntatis
1301 1336 1432 1364 nostrae
1449 1333 1575 1364 invidus
1593 1336 1769 1364 temerator
1786 1333 1916 1370 existat,
1940 1332 2090 1363 iubemus

394 1392 405 1409 ι’
439 1394 511 1414 cum
542 1384 595 1425 qui
628 1394 669 1415 ex
698 1384 758 1415 hae
790 1396 824 1415 rc
849 1385 995 1426 quolibet
1018 1388 1165 1427 tempore
1191 1385 1243 1416 vel
1267 1385 1336 1416 fisci
1360 1385 1489 1416 nomine
1514 1385 1566 1416 vel
1589 1385 1706 1427 privati
1729 1395 1859 1416 movere
1884 1383 2091 1425 temptaverit

439 1435 580 1477 aliquam
609 1437 851 1477 quaestionem,
882 1436 959 1468 dare
990 1437 1062 1471 tibi,
1092 1437 1143 1467 vel
1167 1436 1207 1467 ad
1232 1447 1326 1478 quem
1351 1437 1514 1478 pertinere
1538 1437 1681 1468 volueris
1705 1435 1834 1467 domum
1860 1435 2009 1478 superius
2034 1434 2091 1465 de·

439 1488 616 1528 signatam,
651 1499 776 1529 poenae
813 1488 942 1520 nomine
974 1489 1045 1519 auri
1076 1488 1175 1519 libras
1209 1492 1255 1519 tot
1287 1492 1319 1519 et
1351 1489 1539 1520 frustratum
1572 1489 1637 1519 suis
1670 1488 1802 1519 ausibus
1836 1487 2092 1528 infamatumque

439 1539 619 1570 discedere.
665 1539 750 1571 hunc
782 1541 867 1571 enim
896 1541 1072 1571 voluntatis
1103 1551 1180 1571 suae
1212 1544 1354 1572 merctur
1383 1541 1529 1572 invenire
1561 1540 1715 1579 fructum,
1748 1539 1801 1581 qui
1829 1538 1951 1581 aliquid
1981 1541 2093 1569 contra

440 1594 586 1622 nostrum
611 1590 740 1622 videtur
765 1592 933 1634 quaesisse
958 1591 1122 1623 iudicium.

1207 1695 1332 1726 XXVI.

861 1763 1103 1795 UNIVERSIS
1134 1764 1347 1795 REATINIS
1378 1764 1434 1795 ET
1465 1764 1679 1796 NURSINIS

1041 1814 1363 1847 ATHALARIOUS
1388 1815 1491 1846 REX.
1940 1842 1964 1862 0·
1982 1841 2011 1862 a·
2030 1832 2093 1862 525

544 1883 713 1914 Gloriosus
743 1883 881 1914 domnus
913 1895 992 1915 avus
1025 1888 1137 1915 noster
1169 1884 1334 1916 desideria
1367 1887 1477 1916 vestra
1511 1894 1710 1925 cognoscens
1742 1883 1949 1919 Quidilanem
1982 1882 2091 1914 Sibiae

441 1935 541 1966 filium
572 1936 711 1977 priorem
742 1936 831 1966 vobis
862 1936 992 1977 quidem
1021 1936 1129 1968 facere
1159 1936 1368 1978 disponebat:
1403 1935 1460 1967 sed
1491 1936 1567 1977 quia
1599 1935 1839 1967 interveniente
1863 1934 1991 1965 mortali
2015 1944 2091 1965 con-

441 1986 568 2018 dicione
592 1987 737 2028 nequivit
762 1988 904 2028 cogitata
928 1988 1103 2030 complere,
1129 1999 1266 2019 neeesse
1290 1988 1384 2019 nobis
1411 1991 1458 2019 est
1483 1988 1552 2019 cius
1576 1991 1652 2018 vota
1668 1987 1836 2029 perficere,
1860 1998 1900 2018 ne
1918 1989 2027 2017 tantus
2044 1986 2093 2016 vir

443 2039 482 2070 de
506 2039 613 2080 aliquo
638 2039 778 2070 inaniter
802 2039 998 2071 iudicaretur
1022 2040 1106 2071 bona
1130 2040 1275 2082 potuisse
1301 2040 1432 2071 sentire.
1479 2039 1586 2080 Atque
1612 2039 1684 2070 ideo
1708 2039 1873 2081 praesenti
1897 2037 2092 2069 auctoritate

442 2091 671 2132 praecipimus,
695 2094 731 2122 ut
755 2102 828 2122 eum
851 2091 994 2133 priorem
1020 2091 1159 2122 feliciter
1182 2091 1301 2123 habere
1323 2091 1470 2123 debeatis
1489 2094 1521 2122 et
1538 2101 1620 2132 quae
1637 2090 1834 2122 ordinaverit
1849 2100 1907 2131 pro
1924 2088 2093 2130 disciplina

544 2211 849 2244 BZSJJKEOEstJfflJ)

547 2289 562 2313 2
582 2289 674 2320 quibus
694 2298 739 2313 nos
758 2291 818 2319 (non
833 2289 865 2320 F,
885 2298 930 2314 uos
945 2290 987 2317 M)
1008 2300 1029 2313 ω.
1050 2299 1073 2322 p.
1093 2290 1159 2314 dona
1178 2289 1236 2320 (om.
1252 2289 1303 2321 E¹)
1322 2291 1435 2314 conferre
1455 2299 1501 2314 om.
1517 2290 1539 2314 ,1
1646 2289 1662 2314 4
1680 2290 1916 2322 praedecessoribus
1928 2289 1982 2313 EF
2048 2289 2091 2313 ita-

447 2331 506 2365 que]
531 2333 632 2364 quiden]
653 2332 681 2356 J(
802 2332 817 2357 6
836 2333 952 2357 clementi
977 2334 1070 2357 dunum
1092 2332 1123 2356 II
1240 2332 1254 2357 7
1274 2333 1410 2358 lucullarin
1430 2333 1453 2357 A
1541 2334 1585 2357 sed
1603 2333 1710 2357 utilitate
1729 2333 1816 2363 BHG,
1840 2333 1883 2357 sed
1903 2337 1927 2357 et
1949 2333 2057 2357 utilitate
2078 2331 2095 2355 I

442 2377 458 2399 ὅ
477 2374 570 2406 tuluin]
589 2375 688 2406 scripsi.
715 2376 797 2399 tholui
816 2376 1045 2406 BZXJIKEFIP,
1074 2377 1168 2401 tholuit
1187 2377 1219 2407 A,
1247 2377 1329 2401 thloui
1348 2376 1402 2407 JI1,
1430 2377 1527 2401 tholoui
1547 2376 1600 2407 ΗΞ,
1628 2377 1725 2401 tholoni
1740 2377 1771 2406 G,
1798 2376 1887 2400 tholuss
1908 2376 1946 2399 ΙΨ
2017 2375 2091 2400 liber-

444 2423 494 2442 [ate
513 2418 648 2442 MEFIIG
771 2418 786 2442 9
809 2420 949 2451 praefatam
977 2420 1102 2451 <praefata
1122 2420 1156 2451 Z)
1183 2419 1258 2452 dour]
1285 2421 1306 2444 d.
1332 2429 1368 2452 pr.
1389 2420 1463 2443 IIGI
1547 2419 1649 2452 optime]
1676 2420 1793 2452 opinione
1812 2419 1881 2443 HG’
2000 2418 2033 2443 10
2050 2418 2092 2442 uel

444 2470 490 2485 um.
505 2461 558 2485 Ilo*
619 2460 714 2493 tuluin]
733 2462 831 2493 scripsi,
854 2462 934 2486 tholui
954 2462 1067 2488 NEFH.
1090 2463 1165 2487 toluit
1184 2463 1216 2493 B,
1240 2463 1333 2487 tholuit
1353 2462 1467 2492 ZMKA,
1491 2463 1588 2486 tlwlcni
1603 2463 1634 2493 G,
1658 2463 1721 2487 tholi
1741 2463 1760 2486 I
1853 2462 1882 2486 11
1904 2463 1984 2494 patrie
2003 2462 2092 2485 H¹G¹

447 2504 479 2529 13
497 2505 609 2529 uolueris
622 2504 674 2528 HG
765 2504 795 2528 14
811 2506 851 2529 uel
865 2504 939 2537 prim]
955 2506 1018 2537 priu.
1031 2506 1105 2529 HG]
1155 2514 1220 2530 noni.
1236 2506 1277 2530 uel
1291 2506 1360 2538 publ.
1375 2506 1396 2529 ⁴1
1452 2504 1566 2538 posthac]
1581 2505 1656 2536 ΒΕΑ,
1674 2509 1729 2538 post
1742 2506 1807 2530 hanc
1820 2505 1844 2529 B
1855 2504 2096 2529 ¹ZNMKEFHGI

446 2547 476 2572 15
495 2548 539 2571 ubi
558 2546 592 2579 et]
617 2551 645 2572 ut
661 2548 724 2572 le
807 2547 878 2580 quid]
904 2549 961 2579 quis
982 2549 1005 2572 ⁴l
1025 2548 1080 2579 (cm.
1101 2549 1127 2573 in
1148 2549 1252 2577 erratis)
1335 2549 1463 2580 quaelibet
1482 2549 1514 2572 H
1626 2547 1657 2573 lb·
1676 2548 1784 2581 constat]
1811 2553 1889 2573 coust.
1909 2557 1962 2574 esse
1982 2548 2014 2578 E,
2038 2556 2092 2572 esse

446 2594 525 2615 coust.
540 2590 567 2615 F
628 2592 762 2623 expulsum
776 2591 816 2615 E¹
880 2593 948 2615 fuere
962 2591 1005 2615 Ba
1105 2591 1134 2615 17
1155 2591 1195 2624 ex]
1216 2596 1240 2616 et
1254 2593 1275 2616 ,l
1340 2591 1450 2624 quoque]
1470 2601 1518 2623 que
1532 2592 1556 2615 Z
1641 2591 1672 2616 18
1690 2596 1713 2616 et
1733 2591 1842 2624 cunctis]
1865 2592 1980 2616 exeuntis
1994 2590 2043 2621 ΕΙ,
2061 2600 2092 2615 ex

445 2634 543 2658 cunctis
557 2634 628 2657 E²F
705 2633 736 2658 15·
757 2632 871 2665 forsitan]
892 2635 954 2658 forte
969 2634 997 2657 N
1046 2635 1148 2659 inuidiis
1162 2635 1186 2658 B
1265 2634 1298 2659 *20
1318 2636 1365 2659 hae
1386 2634 1422 2667 re]
1442 2644 1467 2659 re
1484 2635 1580 2665 Ilm-J,
1599 2639 1622 2660 te
1638 2635 1675 2659 Gt
1728 2644 1829 2660 mouere
1849 2644 1895 2659 vm.
1911 2635 1955 2658 NI
2005 2638 2090 2667 tempt.

445 2678 478 2701 al.
497 2681 593 2708 quaest.
614 2686 660 2701 0111.
676 2677 719 2701 Ba
816 2676 847 2700 ‘21
868 2678 978 2701 nolueris
994 2678 1022 2701 N
1108 2677 1142 2702 ⁴22
1161 2679 1215 2702 auri
1235 2687 1300 2702 num.
1316 2679 1341 2702 E
1405 2678 1449 2711 tot]
1469 2682 1505 2703 tut
1524 2679 1615 2702 inferre
1630 2678 1698 2705 XIP,
1717 2682 1753 2702 tot
1773 2679 1865 2702 inserat
1880 2678 1927 2707 ΙΨ,
1945 2686 1959 2701 c
1974 2678 2091 2702 Calavius

444 2729 499 2744 cunt
513 2721 597 2753 (v'uclf.
646 2719 856 2752 infamatumque]
877 2721 1082 2752 infirniatumque
1094 2721 1116 2749 I⁷
1135 2721 1289 2745 infirmatum
1302 2722 1354 2745 Hc:
1425 2720 1458 2745 {23
1477 2722 1543 2746 enim
1557 2730 1604 2745 υηι.
1616 2721 1645 2745 K
1693 2729 1818 2745 meremur
1831 2721 1863 2751 B,
1882 2724 2009 2746 mereatur
2022 2720 2095 2744 HGI

445 2762 476 2787 ’ΔΤ
500 2764 589 2787 dumus
608 2763 678 2787 JJII¹
755 2768 839 2787 nostra
856 2763 928 2787 HG]
1003 2764 1156 2795 quidilainen
1176 2764 1200 2787 B
1313 2763 1346 2788 28
1370 2765 1443 2788 nohis
1467 2764 1551 2794 (nobis
1570 2764 1605 2789 Bi
1630 2763 1740 2795 quidem]
1765 2773 1788 2795 q.
1811 2773 1836 2788 u.
1851 2765 1882 2793 G,
1910 2773 1934 2795 q.
1957 2764 2029 2788 nobis
2048 2763 2094 2787 HJ

447 2807 480 2829 ’.ΕΗ
495 2807 567 2831 nohis
581 2815 628 2830 om.
641 2806 713 2830 HGI
794 2804 827 2830 30
841 2806 922 2830 indic*
932 2810 1017 2831 aretur
1027 2806 1060 2837 Β,
1072 2806 1198 2831 iudicetur
1209 2807 1343 2837 Jllx’Ehl,
1356 2816 1403 2831 om.
1416 2807 1442 2831 F
1486 2805 1606 2839 potuisse]
1621 2807 1705 2839 potius
1718 2815 1743 2831 se
1754 2807 1782 2831 F
1858 2806 1890 2831 31
1904 2807 2040 2831 debeamus
2050 2805 2091 2830 E¹
