2279 3261
414 194 504 220 XXIV
1124 187 1352 214 PROOEMIVM.

415 288 569 325 deficeret,
600 286 772 329 impudenti
804 284 914 315 inertia
937 283 1072 314 auctoris
1097 283 1169 314 item
1196 282 1245 313 ille
1268 282 1454 313 vocabulum
1478 282 1635 313 remansit.
1680 293 1754 313 cave
1777 281 1809 312 in
1831 281 1880 312 his
1903 280 2063 312 recondita

412 359 555 390 quaeras:
580 348 674 378 immo
699 345 786 378 vides
810 344 948 375 inanium
966 343 1131 375 verborum
1155 342 1373 374 admiratorem
1395 342 1442 373 sui
1460 342 1612 374 similibus
1630 341 1796 373 lectoribus
1812 341 1951 383 syllogen
1968 340 2062 372 desti-

413 409 543 445 navisse,
567 417 664 448 neque
687 405 719 436 hi
742 405 769 436 ei
793 404 965 435 defuerunt.

520 467 569 498 De
585 471 667 497 statu
684 476 783 496 rerum
802 464 1012 495 Romanarum
1038 463 1095 494 sub
1118 463 1242 504 regibus
1260 462 1374 494 Gothis
1391 463 1422 493 in
1439 462 1628 504 praefatione
1644 473 1796 504 exponere
1811 463 1905 501 nolui,
1927 473 1965 493 ne
1982 463 2064 493 iusto

412 528 534 569 longius
558 539 574 558 11
598 526 745 557 mandato
769 525 870 556 officio
893 523 1062 555 recederem
1087 528 1117 555 et
1139 535 1196 565 pro
1212 522 1330 554 editore
1345 534 1446 554 rerum
1462 523 1643 564 scriptorem
1660 533 1749 564 agere
1765 521 1924 554 iudicarer.
1960 523 2064 564 itaque

413 588 450 619 de
479 588 544 618 eius
574 587 682 618 aetatis
710 597 811 616 rerum
835 584 1104 616 administratione
1127 595 1226 626 nuper
1248 584 1321 615 alibi
1345 584 1392 625 egi
1421 583 1633 623 (ostyotliisehe
1657 582 1790 614 Studien
1813 583 1843 614 in
1867 582 1936 625 eph.
1958 586 2064 614 nostra

413 649 516 679 Neues
539 647 659 678 Archiv
681 647 736 677 ilci·
762 645 967 684 (ieseilscliaft
989 645 1044 684 fiir
1066 645 1160 676 (fitero
1183 645 1327 676 deutsche
1354 643 1640 675 (716361ιὶοἢΐεληιηιῐε
1663 642 1724 674 vol.
1743 644 1781 675 14
1805 654 1831 674 a.
1853 644 1935 675 1889
1958 655 1987 685 p.
2000 644 2062 674 223

412 709 527 739 -249,
551 707 743 744 451-544).
788 705 842 737 5011
867 717 929 747 quo
953 710 1090 747 tempore
1113 705 1263 747 epistula(¹
1286 705 1419 747 scriptae
1442 704 1518 743 sint,
1549 708 1701 745 quatenus
1729 704 1793 735 fieri
1823 708 1925 746 potest
1953 703 1984 734 in
2007 703 2065 734 hae

413 767 602 809 praefatione
626 765 843 808 exponendum
866 770 921 802 est,
945 777 1015 796 cum
1040 765 1219 807 praesertim
1245 769 1345 795 errent
1368 764 1420 806 qui
1444 764 1482 795 de
1505 775 1540 796 011
1564 776 1594 795 re
1618 764 1648 795 in
1669 764 1749 795 haue
1769 764 1817 795 vel
1841 764 1926 796 illam
1949 763 2066 806 epistu-

411 829 472 859 lam
496 827 656 869 inquirunt
679 827 764 858 nullo
785 827 948 858 universae
964 826 1101 868 syllogae
1116 829 1257 867 respectu
1274 825 1390 856 habito.
1429 824 1593 856 dicendum
1610 824 1666 856 erit
1683 825 1817 866 primum
1833 824 1871 855 de
1889 824 2065 862 indictione,

411 888 529 919 scilicet
557 899 625 918 cum
651 887 690 918 ad
720 899 835 918 1111110111
858 885 1084 928 designandum
1108 897 1143 916 ea
1166 886 1232 916 sola
1256 886 1317 916 fere
1341 885 1549 917 Cassiodorus
1573 889 1684 923 utatur,
1711 896 1876 927 quemnam
1898 885 2064 916 terminum

412 949 454 979 ita
479 948 648 990 significet:
681 947 792 978 deinde
815 947 1026 988 quuiremus,
1056 950 1207 988 quatenus
1236 946 1388 988 epistulae
1411 945 1451 977 ad
1474 946 1621 988 temporis
1646 945 1785 976 ordinem
1809 945 1979 988 dispositae
2003 945 2065 976 sint

411 1013 439 1039 ct
465 1008 503 1040 ad
528 1019 680 1050 quosnam
703 1008 851 1038 terminos
875 1006 1012 1048 sythgae
1037 1010 1138 1048 partes
1162 1011 1191 1037 et
1215 1006 1365 1048 epistulae
1389 1006 1528 1048 singulae
1551 1006 1688 1037 revocari
1712 1010 1833 1047 queant.

522 1068 729 1099 indictionem
760 1066 916 1098 0001110115
945 1070 1026 1098 ccrte
1060 1067 1099 1098 ad
1134 1068 1225 1098 finem
1259 1067 1373 1098 saeculi
1409 1067 1487 1098 sexti
1520 1067 1636 1098 1101111111
1670 1066 1759 1098 novit
1787 1066 1847 1097 nisi
1878 1077 1956 1108 quae
1989 1066 2066 1097 inci—

411 1134 496 1172 peret
524 1141 542 1160 a
570 1140 674 1160 mense
702 1128 886 1171 Septembri.
931 1139 1002 1158 nam
1033 1139 1126 1170 quam
1158 1128 1313 1159 Marinius
1342 1139 1412 1170 pap.
1436 1127 1511 1170 dipl.
1534 1140 1563 1170 p.
1586 1129 1648 1159 :306
1675 1132 1705 1158 et
1732 1131 1804 1169 post
1834 1138 1904 1158 eum
1932 1126 2065 1158 Rossius

411 1190 500 1221 inser.
517 1190 578 1221 chr.
593 1190 609 1220 Ι
634 1201 662 1231 p.
679 1189 706 1220 C
728 1189 760 1220 in
784 1188 971 1219 contrarium
996 1187 1141 1229 adlegant
1164 1188 1397 1229 inscriptionem
1421 1187 1570 1219 urbanam
1593 1187 1718 1218 relatam
1734 1186 1819 1229 apud
1836 1186 1971 1228 Lupium
1995 1186 2067 1228 epit.

411 1251 441 1281 S.
458 1250 590 1281 Severae
613 1262 642 1292 p.
660 1252 716 1283 25:
742 1250 790 1280 liic
814 1249 978 1289 requiesci!
1004 1248 1185 1279 Theodorus
1208 1242 1258 1280 inc.
1283 1249 1403 1279 Grmxus
1426 1248 1594 1280 Vizcmteus
1611 1274 1616 1280 .
1707 1247 1864 1286 depositus
1887 1247 1937 1278 die
1952 1247 2066 1286 quinta

411 1311 530 1341 (inciam
555 1318 593 1342 m.
612 1310 753 1350 Auqicsfi
778 1304 840 1341 iiid.
866 1310 999 1348 septima.
1022 1312 1050 1339 et
1072 1309 1160 1348 filius
1176 1309 1244 1339 eins
1263 1309 1456 1339 leocivraci
1479 1308 1548 1348 quii
1570 1308 1649 1339 bivii*
1672 1315 1711 1339 m.
1731 1307 1801 1339 VII
1814 1307 1971 1347 depositus
1991 1307 2066 1338 <idus

413 1371 532 1402 Octoris
550 1370 617 1411 [sie]
646 1364 739 1409 imffi.
762 1363 814 1401 Tisi.
838 1364 892 1402 im]
911 1369 1069 1408 piissimis
1092 1369 1192 1409 Aiigly.
1218 1368 1366 1400 Heraclio
1394 1379 1478 1400 (01110
1506 1380 1602 1406 nono,
1626 1361 1696 1408 ff
1718 1368 1854 1399 eiusdem
1876 1362 1906 1399 d.
1925 1361 1957 1399 ἦ.
1980 1377 2065 1398 anno

412 1432 517 1462 octabu
542 1434 604 1470 atq.
630 1431 778 1462 Heraclio
806 1430 1013 1462 Constantino
1036 1440 1112 1460 'noso
1135 1429 1201 1468 sitio
1227 1429 1327 1468 ipsius
1349 1439 1433 1460 (timeo
1456 1430 1585 1470 sqitimo
1611 1429 1718 1460 indict.
1740 1429 1886 1468 septima,
1909 1428 1965 1468 qui
1986 1427 2065 1458 vixit

412 1503 515 1523 nimios
531 1491 609 1531 pius
632 1492 737 1522 mimis
752 1491 891 1523 LXXV.
916 1502 951 1521 011
974 1502 1169 1532 nequaquam
1193 1489 1258 1521 dies
1280 1489 1359 1521 duos
1376 1490 1456 1522 XV.
1473 1490 1555 1531 Aug.
1578 1494 1607 1521 et
1631 1489 1671 1521 id.
1688 1490 1757 1521 Oct.
1780 1489 1879 1521 eidem
1902 1488 2064 1520 indictioni

411 1552 562 1594 septimae
586 1551 743 1589 attribuit,
767 1551 821 1582 sed
845 1555 877 1582 ut
900 1556 1037 1582 extrema
1060 1551 1154 1582 verba
1178 1551 1233 1590 qui
1256 1551 1336 1581 *risit
1358 1560 1388 1582 (ι.
1405 1550 1451 1589 pl.
1477 1561 1515 1582 m.
1540 1550 1644 1581 LXX
1650 1550 1676 1580 Γ
1697 1549 1736 1581 ad
1761 1554 1878 1592 patrem
1901 1549 2064 1592 pertinent,

410 1613 453 1643 ita
480 1612 573 1643 etiam
605 1624 682 1654 1111110
712 1611 869 1654 praecedit
898 1611 1046 1653 temporis
1076 1610 1290 1642 determinatio
1319 1610 1359 1641 ad
1382 1609 1513 1641 eundem
1537 1609 1695 1642 referenda
1718 1614 1777 1648 est,
1807 1614 1838 1641 et
1861 1621 1931 1641 vere
1955 1609 2064 1641 incidit

410 1673 475 1703 <lies
490 1674 572 1714 Aug.
592 1675 629 1705 ]5
654 1673 684 1703 in
701 1672 901 1703 indictionem
917 1672 1081 1714 septimam
1101 1673 1115 1703 1
1135 1671 1220 1713 Sept.
1233 1672 1295 1703 618
1312 1691 1347 1693 —
1363 1673 1402 1703 31
1418 1671 1499 1712 Aug.
1514 1672 1585 1703 619.
1631 1670 1721 1701 solita
1737 1670 1832 1712 igitur
1847 1670 1939 1701 huius
1955 1669 2065 1701 aetatis

410 1733 641 1775 perturbatione
665 1733 760 1764 verba
783 1733 954 1764 indictione
976 1734 1109 1774 septima
1138 1732 1185 1763 bis
1215 1732 1317 1774 posita
1345 1736 1418 1763 sunt
1440 1737 1470 1763 et
1493 1731 1588 1763 verba
1608 1734 1637 1762 et
1657 1731 1746 1770 filius
1843 1731 1917 1762 idus
1945 1731 2064 1761 Octoris

411 1794 597 1836 interpolata
625 1793 693 1825 loco
722 1805 784 1824 non
812 1805 879 1824 suo.
926 1804 999 1824 sane
1028 1804 1089 1823 non
1118 1792 1230 1823 desunt
1258 1792 1337 1822 inter
1365 1792 1473 1823 titulos
1503 1791 1582 1822 sexti
1606 1791 1719 1822 saeculi
1743 1803 1761 1822 a
1784 1790 1956 1822 fossoribus
1980 1790 2063 1821 omni

410 1866 520 1895 genere
543 1866 679 1885 errorum
704 1854 891 1896 inspiinatos,
914 1853 966 1895 qui
991 1853 1021 1884 in
1046 1852 1249 1884 indictionum
1273 1852 1408 1883 numeris
1425 1856 1527 1883 errant
1535 1864 1542 1890 ;
1566 1851 1620 1883 sed
1644 1852 1704 1883 rari
1728 1851 1748 1882 ii
1772 1855 1846 1882 sunt
1868 1862 1940 1894 prae
1956 1851 1994 1882 iis
2011 1851 2064 1893 qui

412 1915 548 1957 regulam
572 1919 751 1957 sequuntur.
794 1914 928 1956 exempli
952 1924 1046 1945 causa.
1069 1913 1148 1944 inter
1170 1912 1368 1944 Ravennates
1393 1912 1515 1943 Iustino
1531 1911 1566 1942 II
1590 1911 1767 1949 anteriores,
1790 1922 1867 1953 (11105
1890 1911 2065 1942 examinavi

413 1980 521 2017 utpote
542 1975 573 2006 in
596 1975 650 2006 tali
674 1974 854 2016 quaestione
878 1986 951 2016 prae
974 1974 1101 2016 reliquis
1124 1973 1184 2004 fide
1207 1972 1328 2014 dignos,
1352 1972 1454 2003 nullus
1478 1977 1525 2003 est
1548 1972 1744 2003 consulatum
1767 1972 1840 2003 item
1864 1971 1990 2009 habene,
2012 1971 2065 2013 qui

412 2035 451 2066 111)
475 2046 510 2066 011
533 2034 669 2074 recedat,
692 2034 754 2066 duo
779 2034 827 2073 (C.
838 2034 863 2066 I.
876 2035 912 2066 L.
936 2034 998 2073 XI,
1022 2035 1093 2067 298.
1117 2035 1205 2072 308),
1236 2034 1288 2075 qui
1317 2044 1379 2064 non
1403 2032 1593 2064 conveniunt
1615 2032 1674 2063 nisi
1699 2031 1861 2063 indictioni
1884 2031 2064 2063 autumnali.

412 2095 516 2136 itaque
540 2094 764 2133 Cassiodorus,
788 2095 841 2137 qui
864 2095 895 2125 in
919 2095 957 2125 iis
982 2095 1117 2125 numeris
1140 2105 1240 2125 errare
1263 2105 1324 2125 non
1349 2093 1465 2136 potuit,
1494 2093 1573 2124 hane
1602 2093 1705 2124 ubivis
1729 2097 1853 2124 secutus
1877 2093 1918 2124 sit
1940 2103 2064 2123 necesse

412 2161 467 2186 cst.
485 2175 524 2178 —-
549 2155 611 2187 Sed
634 2156 692 2186 etsi
716 2155 754 2186 de
777 2155 854 2197 ipsis
879 2155 1057 2186 indictionis
1075 2154 1324 2186 Cassiodoranae
1347 2154 1486 2185 terminis
1510 2154 1585 2185 satis
1609 2158 1738 2192 constat,
1761 2153 1821 2184 alia
1842 2164 1949 2184 rursus
1965 2152 2065 2194 surgit

412 2216 553 2257 quaestio
577 2215 616 2247 ad
640 2221 778 2257 tempora
802 2216 1004 2258 epistularum
1029 2220 1110 2246 recte
1133 2214 1350 2246 constituenda
1374 2214 1477 2256 magni
1502 2214 1658 2253 momenti,
1681 2218 1783 2245 utrum
1807 2213 1860 2245 ubi
1884 2212 2063 2244 indictionis

413 2276 527 2307 mentio
550 2277 597 2311 fit..
630 2287 728 2307 annus
753 2276 802 2307 1110
826 2276 910 2318 Sept.
929 2277 1041 2317 liAug-
1058 2278 1095 2307 31
1122 2280 1272 2318 perpetuo
1301 2275 1524 2317 intellegendus
1556 2275 1597 2306 sit
1624 2287 1662 2306 an
1687 2274 1830 2306 vocabuli
1853 2274 2064 2316 interpretatio

413 2337 517 2378 paullo
534 2336 655 2367 diversa
680 2336 802 2367 admitti
827 2336 933 2378 possit.
968 2336 1115 2378 temporis
1139 2336 1273 2378 spatium
1297 2335 1373 2367 illud
1398 2336 1439 2367 ibi
1464 2335 1638 2377 significari,
1662 2335 1716 2366 ubi
1739 2335 1777 2366 de
1799 2333 1993 2377 praestandis
2017 2345 2064 2365 se-

413 2395 549 2426 cundum
566 2395 749 2427 indictiones
767 2396 889 2427 tributis
906 2396 1016 2437 agitur,
1039 2395 1111 2426 inde
1128 2396 1290 2437 colligitur,
1307 2395 1390 2438 quod
1407 2395 1446 2427 ab
1463 2396 1500 2426 iis
1516 2396 1632 2426 locutio
1647 2395 1722 2426 haec
1737 2395 1885 2437 originem
1901 2395 1996 2437 cepit:
2020 2395 2063 2425 ita

413 2455 612 2486 remittuntur
634 2455 751 2486 tributa
767 2467 827 2495 ster
850 2456 974 2487 tertiam
1001 2457 1200 2487 indictionem
1230 2456 1296 2495 (IV
1320 2458 1374 2494 36)
1403 2461 1431 2487 ct
1462 2457 1622 2496 (ammenti
1650 2457 1773 2487 nomine
1803 2455 1953 2498 quaedam
1978 2456 2063 2497 flagi-

414 2522 518 2547 tantur
535 2528 594 2555 )nfr
616 2520 762 2555 quartam
790 2517 987 2548 indictionem
1013 2517 1076 2555 (IX
1095 2519 1136 2555 9),
1160 2516 1190 2547 id
1208 2516 1291 2559 quod
1313 2517 1386 2548 alibi
1412 2517 1477 2555 (IX
1497 2518 1531 2548 11
1558 2516 1595 2547 cf.
1616 2518 1662 2548 lt).
1682 2518 1729 2554 12)
1753 2517 1798 2547 510
1813 2516 2003 2547 0000111111οῚ
2028 2519 2063 2546 ut

413 2577 564 2616 quii-quid
581 2578 813 2616 possessoribus
839 2596 875 2599 —
901 2578 1023 2608 videtur
1038 2578 1195 2609 (allectum
1211 2578 1248 2608 de
1264 2581 1380 2617 (littorio
1399 2578 1567 2608 indictione
1583 2588 1646 2608 mm
1661 2578 1797 2617 eci-qimi.
1844 2577 1916 2607 item
1933 2576 2005 2621 VII
2021 2577 2061 2608 32

413 2648 482 2667 cum
517 2641 639 2667 moneta
674 2637 878 2668 committitur
907 2638 945 2668 ab
982 2637 1035 2668 iilic
1072 2638 1240 2669 indictioni*
1263 2648 1322 2677 per
1354 2638 1422 2678 iuye
1448 2637 1699 2677 quinquemzz'mn
1727 2636 1856 2668 indictio
1887 2636 1989 2678 posita
2016 2640 2063 2667 est

413 2695 645 2738 quodaunnodo
674 2708 729 2738 pro
760 2696 810 2727 die
839 2709 855 2728 a
886 2709 947 2738 quo
976 2697 1084 2739 incipit
1111 2702 1140 2728 et
1170 2697 1362 2739 significatur
1394 2697 1546 2728 committi
1580 2696 1738 2738 negotium
1774 2707 1829 2738 per
1861 2695 2063 2726 indictionem

414 2757 587 2798 proximam
611 2762 639 2788 et
663 2762 810 2799 quattuor
833 2763 1004 2799 sequentes.
1050 2757 1104 2788 sed
1129 2758 1228 2799 magis
1244 2757 1372 2788 dubium
1390 2762 1437 2788 est
1453 2756 1528 2798 quid
1552 2756 1726 2798 significent
1743 2756 1891 2787 formulae
1914 2755 1945 2786 in
1962 2755 2063 2797 digni-

414 2817 530 2848 tatibus
555 2817 747 2848 conferendis
772 2818 937 2848 sollemnes
955 2829 1015 2857 μ’)-
1040 2819 1235 2849 inflictionmn
1263 2818 1348 2849 illam
1371 2823 1400 2849 et
1423 2818 1461 2848 ab
1487 2817 1656 2848 indictione
1682 2817 1746 2847 illa.
