2279 3261
776 179 972 206 VARIARVM
992 181 1026 212 ΙΙ,
1045 182 1085 207 ⁶27.
1107 183 1147 207 28.
1166 181 1207 207 29.
1227 182 1267 208 30.
1807 186 1847 215 63

195 263 306 294 favore
330 266 441 294 nostro
467 263 640 300 credimus,
666 276 721 295 cos
745 276 874 307 quoquc
898 267 1018 298 maiore
1043 268 1164 298 honore
1189 268 1401 299 cumulemus.
1442 280 1552 300 verum
1578 269 1653 310 quia
1670 270 1767 300 celari
1785 282 1848 301 non

197 314 292 346 decet
320 315 444 356 regium
473 315 611 353 bonum.
642 316 814 359 impetrata
838 319 1025 360 praesentia
1049 320 1088 350 ad
1115 320 1320 361 provincialis
1346 320 1457 351 indicis
1482 321 1578 352 facito
1604 322 1750 352 notitiam
1775 334 1847 363 per-

197 368 318 406 venire,
348 371 510 409 quatenus
536 369 810 410 spectabilitatem
835 374 922 401 tuam
948 371 1133 402 decoratam
1159 376 1269 402 nostro
1294 372 1480 402 testimonio
1506 372 1727 403 universitatis
1753 374 1849 404 corda

196 422 395 460 cognoscant
419 419 541 461 tibique
566 424 679 462 utpote
704 423 838 454 militiae
864 434 997 454 munere
1023 424 1190 465 persoluto
1221 423 1326 454 cultus
1358 428 1548 465 omnpotens
1579 435 1635 466 pro
1665 428 1847 456 nostrorum

197 474 379 513 temporum
404 471 499 502 laude
523 477 680 505 servetur.

936 568 1114 600 xxvnn.

551 636 722 667 AnniAE
744 630 788 667 V·
808 630 844 668 Ξ·
869 637 1024 669 οΟΜΙΤΙ
1049 638 1369 669 THEODERIOUS
1395 639 1496 669 mex.
1665 668 1694 686 a.
1714 659 1848 696 5034-,11

300 704 456 740 Quamvis
481 705 586 735 nullos
611 706 749 736 velimus
773 717 949 746 gravamen
974 708 1104 749 aliquod
1138 709 1312 745 sustinere,
1345 719 1425 748 quos
1452 709 1578 739 videtur
1607 709 1711 749 pietas
1740 714 1848 739 nostra

196 760 380 798 protegere,
406 757 480 798 quia
504 758 668 797 regnantis
694 762 744 788 est
767 759 869 799 gloria
893 759 1111 790 subiectorum
1138 760 1242 790 otiosa
1267 759 1494 800 tranquillitas,
1525 763 1630 790 tamen
1661 760 1846 801 specialiter

196 809 354 840 ecclesias
379 808 418 839 ab
444 808 531 839 omni
556 809 673 839 iniuria
703 809 792 840 reddi
824 811 970 852 cupimus
1000 811 1139 842 alienas.
1171 811 1286 852 quibus
1318 811 1391 842 (lum
1422 812 1605 853 aequabilia
1634 815 1848 852 praestantur.

195 861 419 892 misericordia
448 860 626 891 divinitatis
657 861 845 902 adquiritur.
893 862 935 893 Et
965 863 1037 894 ideo
1067 863 1246 894 beatissimi
1271 864 1329 894 viri
1356 863 1519 903 Eustorgii
1546 863 1691 904 episcopi
1716 868 1847 893 sanctae

196 913 451 944 Mediolanensis
483 912 643 943 ecclesiae
674 914 829 954 petitione
863 915 1001 955 permoti
1032 916 1260 956 praesentibus
1294 919 1325 946 te
1360 915 1512 945 affatibus
1543 926 1780 949 ammonemus,
1816 919 1850 946 ut

196 965 337 1007 praediis
362 965 413 996 vel
438 964 623 995 hominibus
648 965 743 996 huius
768 966 928 997 ecelesiae
954 966 1037 996 intra
1055 966 1199 997 Siciliam
1225 967 1408 997 constitutis
1427 967 1593 997 tuitionem
1612 967 1743 997 studeas
1761 968 1850 997 salva

196 1017 350 1048 civilitate
367 1020 546 1058 praestare,
572 1027 631 1047 nec
649 1028 665 1047 a
682 1028 841 1058 quoquam
860 1018 1034 1049 cuiuslibet
1053 1019 1192 1049 nationis
1211 1019 1339 1049 homine
1358 1022 1469 1049 contra
1486 1019 1535 1049 fas
1552 1019 1683 1060 patiaris
1702 1019 1849 1060 opprimi.

196 1079 276 1110 quos
300 1068 395 1100 decet
418 1068 594 1099 divinitatis
620 1069 735 1099 intuitu
761 1070 937 1101 sublevari:
971 1070 1016 1100 ita
1040 1074 1157 1103 tamen.
1186 1074 1220 1100 ut
1244 1071 1352 1101 causis
1377 1070 1513 1111 publicis
1539 1074 1571 1101 et
1592 1070 1737 1111 privatis.
1768 1080 1849 1111 quae

196 1124 309 1152 contra
334 1131 389 1152 eos
413 1120 650 1151 rationabiliter
674 1125 905 1162 proponuntur,
936 1121 1134 1163 respondere
1168 1132 1231 1152 non
1261 1122 1426 1155 differant.
1460 1122 1549 1163 quia.
1583 1122 1667 1152 sicut
1696 1122 1846 1152 nolumus

196 1183 252 1204 eos
278 1173 318 1204 ab
343 1173 449 1215 aliquo
474 1173 695 1215 praegravari,
720 1173 764 1203 ita
789 1176 945 1215 exceptos
970 1185 988 1204 a
1013 1174 1140 1204 tramite
1167 1173 1309 1204 iustitiae
1335 1184 1395 1204 non
1421 1174 1561 1215 patimur
1585 1174 1730 1204 inveniri.

970 1302 1077 1333 XXX.

644 1372 820 1403 FAUSTO
844 1365 929 1402 feo
955 1370 1276 1402 THEODERICUS
1303 1370 1406 1401 REX.
1666 1398 1695 1417 (L
1714 1389 1850 1426 502511

301 1443 372 1473 Non
396 1442 600 1484 praeiudicat
625 1443 685 1473 iuri
710 1441 838 1483 publico
856 1440 1037 1483 personalis
1056 1440 1217 1482 exceptio,
1244 1440 1319 1481 quia
1336 1439 1561 1484 beneficfialem
1580 1450 1653 1470 esse
1672 1439 1851 1481 principem

196 1495 272 1526 licet
289 1505 349 1525 nec
366 1494 451 1525 intra
468 1495 599 1536 regulas
625 1494 793 1525 constituti
818 1496 925 1535 potest
948 1492 1170 1523 munificentia
1195 1491 1314 1532 regalis
1339 1492 1448 1522 artari.
1489 1492 1536 1522 ira
1560 1491 1639 1521 levis
1664 1493 1852 1521 coerceatur

196 1546 397 1588 gravissimis
430 1547 602 1578 institutis:
636 1546 796 1588 inpatiens
827 1546 960 1577 ambitio
989 1546 1058 1576 iure
1090 1545 1287 1575 refrenetur:
1320 1545 1491 1575 clementia
1523 1555 1585 1575 non
1615 1544 1714 1575 habet
1744 1544 1848 1584 legen]

196 1610 257 1631 nec
283 1599 381 1630 debet
405 1599 464 1630 sub
487 1599 634 1641 angustis
660 1599 807 1630 terminis
830 1598 971 1639 benigna
997 1597 1098 1638 sequi.
1124 1607 1218 1638 quem
1244 1596 1339 1627 decet
1364 1597 1433 1627 sine
1459 1596 1521 1627 fine
1546 1596 1680 1626 laudari.
1728 1595 1850 1625 Defen-

197 1662 287 1682 sores
312 1652 422 1693 itaque
452 1654 680 1682 sacrosanctae
705 1650 961 1681 Mediolanensis
992 1650 1152 1681 ecelesiae
1184 1660 1240 1691 pro
1271 1649 1425 1690 expensis
1455 1659 1648 1690 pauperum,
1680 1658 1762 1689 quac
1791 1646 1849 1677 sub

196 1704 276 1734 lucri
310 1704 565 1744 exaggeratione
603 1702 789 1739 funduntur,
825 1713 923 1733 unum
960 1702 1021 1733 sibi
1059 1713 1099 1732 ex
1133 1701 1389 1742 negotiatoribus
1424 1700 1513 1730 urbis
1550 1711 1627 1730 suae
1664 1699 1850 1730 desiderant

196 1758 347 1797 oportere
380 1755 554 1797 praestariq
591 1755 645 1796 qui
676 1755 892 1796 proemptoris
926 1755 1055 1785 functus
1087 1753 1204 1786 officio.
1241 1757 1398 1794 exceptus
1432 1752 1662 1793 negotiationis
1697 1751 1849 1782 oneribus

196 1807 316 1839 debeat
349 1807 483 1848 implere
518 1807 604 1848 quod
635 1807 782 1848 suscipit.
834 1807 893 1837 hoe
925 1807 1010 1837 enim
1043 1816 1101 1836 nos
1134 1809 1165 1836 et
1190 1805 1371 1835 Ravennati
1404 1804 1562 1835 eeclesiae
1594 1805 1848 1834 commemorant
1867 1808 1883 1826 2·

195 1862 300 1890 motos
326 1859 512 1890 rationabili
536 1859 733 1900 allegatione
759 1858 923 1891 tribuisse.
954 1858 1036 1899 quod
1062 1857 1191 1899 pietatis
1216 1856 1403 1898 exemplum
1428 1856 1467 1886 ad
1493 1866 1584 1886 suum
1609 1865 1736 1896 quoque
1761 1865 1847 1884 com-

196 1911 325 1942 modum
357 1911 541 1953 supplicant
571 1910 843 1941 transferendum.
893 1909 935 1940 Et
966 1909 1037 1940 ideo
1070 1908 1203 1939 illustris
1235 1911 1267 1938 et
1302 1908 1471 1948 praecelsa
1508 1906 1747 1948 iii-agniticentia
1782 1909 1847 1939 tua,

197 1963 288 1993 salva
311 1963 343 1993 in
368 1963 439 1993 aliis
464 1962 722 2004 negotiatoribus
747 1961 974 1992 commoditate
1000 1960 1140 2001 publica,
1173 1970 1256 2000 quac
1280 1959 1320 1989 ab
1345 1960 1494 1990 universo
1520 1969 1654 2000 corpore
1681 1957 1848 1988 consuevit

197 2016 318 2053 inferri,
344 2026 443 2046 unum
462 2016 519 2054 eis,
545 2026 640 2057 quem
659 2015 719 2046 sibi
736 2015 795 2045 visi
814 2014 934 2045 fuerint
951 2013 1082 2054 eligere,
1107 2012 1286 2054 deputabit,
1311 2011 1364 2052 qui
1385 2011 1428 2041 ita
1447 2011 1676 2041 commercium
1702 2009 1848 2049 negotia—

197 2067 292 2098 tionis
322 2071 490 2105 excrceat,
522 2072 681 2109 quatenus
710 2077 769 2097 nec
797 2065 971 2107 monopolii
996 2075 1055 2096 nee
1081 2064 1255 2105 siliquatici
1279 2074 1339 2094 nee
1363 2063 1510 2093 aurariae
1536 2061 1656 2102 aliquid
1681 2061 1847 2102 pensionis

197 2119 365 2161 impendat
389 2119 441 2150 vel
467 2119 635 2160 quodlibet
659 2129 835 2159 gravamen
861 2129 902 2148 ex
927 2117 1086 2159 permissa
1109 2115 1342 2146 nundinatione
1367 2115 1535 2145 sustineat.
1578 2124 1634 2144 cur
1658 2113 1744 2144 enim
1769 2111 1848 2142 illud

197 2171 362 2202 tardemus
387 2182 539 2209 annuere7
564 2171 649 2201 unde
676 2170 763 2200 nulla
788 2180 957 2211 possumus
982 2169 1100 2199 damna
1124 2168 1265 2198 sentire?

301 2284 433 2310 LRKPM
438 2283 535 2316 OMX)
539 2284 611 2316 Em)

302 2362 314 2387 1
335 2363 423 2387 maiori
436 2362 486 2386 EA
543 2362 703 2387 cumulamus
717 2360 753 2385 0¹
813 2369 863 2384 nou
882 2360 935 2384 dec.
955 2359 1000 2383 cel.
1015 2358 1041 2382 E
1131 2357 1147 2381 2
1167 2357 1264 2389 regium
1284 2360 1402 2388 (regnum
1417 2355 1468 2385 Εἰ)
1491 2353 1557 2385 bost]
1578 2363 1666 2386 regum
1681 2354 1717 2377 Ast
1778 2362 1847 2385 prae-

198 2405 290 2439 sentia]
310 2407 414 2431 lieentia
434 2406 508 2431 Mvo
630 2404 646 2429 4
665 2405 764 2429 cuneus
785 2403 828 2427 Na
910 2406 1035 2434 competes
1055 2401 1096 2425 La
1215 2401 1231 2424 ὅ
1249 2398 1339 2429 otiosa]
1359 2399 1485 2423 custodita
1499 2398 1525 2421 Ji
1640 2397 1672 2421 1()
1690 2397 1811 2420 eustorbii
1829 2396 1849 2419 Ι)

199 2449 229 2474 11
249 2450 385 2482 permoniti
399 2449 439 2474 Ε1
510 2453 534 2473 te
554 2458 600 2473 σπι.
618 2448 644 2472 Κ
749 2446 780 2471 12
800 2444 954 2478 hominibus]
975 2445 1114 2469 honoribus
1128 2446 1148 2467 Ι)
1219 2441 1305 2475 huius]
1322 2443 1352 2472 Ι)1
1371 2443 1410 2466 ius
1424 2441 1479 2471 Ma,
1499 2442 1559 2465 iuris
1574 2441 1646 2471 ΝΗ,
1665 2441 1732 2464 illius
1753 2439 1850 2470 reliqui,

198 2493 247 2517 inc.
262 2492 300 2516 L¹
401 2492 432 2517 13
451 2493 555 2517 ciuitate
573 2493 608 2516 0¹
672 2491 798 2515 hominem
816 2489 852 2513 0¹
952 2487 984 2512 14
1003 2486 1097 2519 tamen]
1117 2490 1216 2511 tantum
1233 2486 1270 2509 0¹
1371 2484 1402 2509 15
1421 2488 1550 2516 ponuntur
1567 2484 1602 2508 0¹
1668 2483 1786 2507 uolumus
1801 2482 1848 2505 illst

200 2535 231 2561 16
250 2540 380 2568 exemptos
399 2536 436 2559 ΑΕ
517 2534 541 2567 a]
562 2536 587 2559 in
608 2535 635 2559 K
751 2532 782 2557 IS
800 2531 858 2564 iuri]
879 2532 934 2556 uiro
954 2531 994 2555 Χῖ
1078 2531 1157 2562 princ.
1177 2538 1231 2553 esse
1251 2528 1279 2552 N
1393 2528 1424 2552 19
1443 2526 1510 2559 licet]
1531 2528 1601 2551 (lecet
1622 2527 1664 2550 Na
1746 2523 1847 2557 regalis]

200 2579 347 2611 principalis
366 2579 396 2603 K
469 2582 618 2603 coarceatur
637 2577 658 2601 L
772 2575 806 2600 20
830 2574 893 2607 iure]
920 2575 1019 2599 uiribus
1039 2573 1065 2597 Ε
1137 2574 1279 2597 refrenatur
1298 2571 1377 2601 lilla,
1406 2572 1519 2595 frenetur
1538 2570 1561 2593 A
1673 2568 1705 2593 ‘21
1726 2566 1846 2599 benigna]

198 2626 310 2655 angusta
325 2622 345 2646 O
449 2620 534 2653 quem]
560 2630 637 2653 quam
656 2619 739 2647 MbX,
768 2627 834 2650 quae
848 2617 876 2641 K
978 2617 1140 2641 ‹lenfensores
1159 2616 1186 2639 E
1321 2614 1354 2639 22
1378 2615 1464 2646 itaque
1488 2622 1535 2638 0711.
1550 2613 1574 2637 P
1676 2621 1720 2644 pro
1744 2620 1791 2635 0711.
1806 2611 1849 2634 K³

199 2665 232 2690 23
255 2664 408 2698 funduntur]
433 2666 539 2690 sundere
557 2665 598 2689 Pa
697 2662 876 2687 desiderabant
896 2661 919 2684 A
1054 2659 1087 2683 24
1111 2659 1275 2691 peremptoris
1294 2658 1341 2687 AO,
1367 2657 1486 2690 emptoris
1506 2658 1568 2680 (iar.
1668 2654 1780 2686 exceptis
1799 2653 1848 2677 EA

199 2707 233 2733 ‘25
251 2709 347 2733 sufficit
365 2708 395 2732 N
461 2709 523 2732 haec
543 2708 566 2731 A
638 2709 846 2731 commemoratos
865 2703 905 2727 [1η
1016 2702 1050 2727 26
1069 2703 1150 2735 pietas
1169 2702 1209 2726 Ιιη
1285 2699 1440 2733 exemplum]
1460 2701 1619 2724 commodum
1637 2698 1780 2729 exemplum
1800 2696 1848 2719 Jla

251 2749 421 2783 commodum]
440 2751 542 2775 modum
558 2750 585 2774 K
679 2749 710 2773 *27
731 2753 755 2773 et
774 2746 838 2779 ideo]
858 2747 914 2771 ideo
928 2747 965 2770 ΑΕ
1063 2744 1096 2770 28
1115 2745 1335 2778 negociationibus
1350 2744 1373 2768 A
1436 2743 1509 2776 quae]
1529 2752 1604 2775 quem
1620 2742 1646 2765 l<
1705 2738 1847 2771 consueuit]

200 2795 321 2819 conuenit
334 2794 362 2818 K
465 2793 499 2818 30
517 2793 653 2826 menopolii
668 2792 693 2816 E
762 2791 873 2822 siliquati
887 2789 934 2820 Ε),
953 2789 1094 2821 siliquatitii
1108 2788 1149 2812 Ε2
1219 2786 1346 2819 aurariae]
1366 2787 1471 2811 auaritie
1486 2786 1511 2810 E
1579 2782 1714 2817 pensionis-l
1735 2791 1778 2814 pos
1791 2790 1848 2813 pen-

201 2838 280 2862 sionis
300 2837 344 2861 Na
449 2835 481 2860 31
502 2836 553 2869 uel]
574 2841 598 2861 et
617 2837 641 2860 P
710 2835 831 2867 premissa
847 2836 874 2863 0,
895 2833 1030 2865 praemissa
1053 2832 1078 2855 Ix'
1179 2831 1212 2855 32
1231 2832 1356 2863 possimus
1375 2829 1428 2853 EF

1870 871 1892 888 w

1868 1128 1890 1145 15

1869 1549 1894 1567 *20

1868 2066 1893 2083 30

1914 1595 1931 1623 2
