2279 3261
782 194 976 220 VARIARVM
996 194 1070 223 Vlll.
1091 195 1130 220 17.
1150 195 1189 220 18.
1211 196 1250 220 19.
1780 196 1842 226 249

948 342 1077 374 XVIII.

501 410 655 442 FIDELI
675 405 767 442 1151·-
793 411 1051 447 QUAESTORI
1076 411 1400 443 ATIIALAnIeus
1425 411 1528 443 REX.
1656 439 1687 459 α·
1705 429 1842 469 5271528

294 480 534 512 Professionem
553 484 681 511 constat
697 491 768 512 esse
788 481 930 513 iustitiae
947 482 1055 522 legum
1080 482 1200 523 peritos
1225 481 1348 512 iudices
1373 481 1533 519 ordinare,
1558 481 1633 522 quia
1657 481 1711 511 vix
1735 483 1843 522 potest

185 534 363 574 neglegere
389 532 443 574 qui
467 532 557 563 novit
581 532 780 573 aequitatem
805 544 864 565 nec
890 533 984 564 facilc
1009 533 1127 564 erroris
1152 533 1228 563 vitio
1246 533 1418 569 sordescit.
1444 544 1539 574 quem
1557 532 1705 563 doctrina
1723 543 1841 574 purga-

184 585 280 616 verit.
328 583 448 615 dudum
473 587 505 615 te
530 584 714 615 forensibus
739 585 879 626 negotiis
904 584 1110 615 insudantem
1136 585 1247 615 oculus
1272 585 1448 625 imperialis
1473 584 1616 626 aspexit,
1648 595 1708 615 nec
1740 584 1842 615 latere

185 637 307 679 potuit,
338 647 401 678 qua
428 636 490 667 fide
521 640 675 678 suscepta
704 637 885 678 peregeris.
916 647 979 678 qua
1008 637 1185 667 luculentia
1215 640 1353 667 tractata
1382 636 1553 677 peroraris.
1601 635 1716 677 Aequo
1741 635 1842 676 gradu
1874 643 1884 659 f·

184 688 370 730 eloquentia
398 691 454 719 tua
484 691 581 729 atque
613 689 815 719 conscientia
846 689 966 730 pariter
997 688 1209 719 incedebant:
1242 688 1348 719 nullus
1381 691 1550 730 susceptus
1584 687 1669 729 quod
1702 688 1841 729 amplius

184 739 387 771 desideraret
410 739 539 770 habuit:
564 739 672 770 nullus
698 739 841 770 iudicum
867 739 950 780 quod
975 739 1007 770 in
1032 742 1063 770 te
1090 740 1253 780 corrigere
1279 743 1391 781 posset
1416 740 1549 770 invenit.
1593 740 1734 770 accessit
1758 740 1842 770 enim

183 794 339 823 venustas
364 791 427 822 oris
452 794 484 822 et
509 791 641 821 castitas
666 792 780 822 animi:
806 792 956 822 iuvenem
982 795 1014 822 tc
1041 792 1133 822 solus
1151 792 1249 822 decor
1267 791 1420 823 ostendit:
1446 792 1486 822 ab
1506 802 1559 822 orc
1577 792 1744 833 primaevo
1763 802 1844 822 cana

183 843 283 875 verba
299 846 524 874 manaverunt.
566 843 733 874 contendit
750 844 808 874 flos
826 844 944 874 aetatis
963 847 995 874 ct
1012 844 1183 874 maturitas
1208 844 1342 874 mentis:
1369 843 1427 874 scd
1450 844 1557 885 potius
1581 844 1637 874 illa
1661 843 1837 884 superavit.

183 905 266 937 quae
290 906 349 926 nos
374 894 413 926 ad
438 895 592 926 virtutum
618 894 737 935 gradus
755 895 955 936 gloriamque
974 895 1131 937 perducit.
1172 896 1379 937 Quapropter
1396 899 1545 937 aptamus
1563 906 1698 926 munera
1716 895 1837 926 nomini

185 950 217 978 et
246 947 369 978 meritis
399 947 479 982 tuis,
511 950 547 977 ut
576 958 695 977 arcana
723 947 814 988 regia
843 947 966 978 Fidelis
996 948 1136 989 accipias
1168 951 1200 978 et
1228 948 1275 978 vir
1304 948 1459 988 eloquens
1490 947 1666 978 litteratam
1699 947 1843 988 reperias

185 999 390 1040 dignitatem.
441 1009 526 1029 nune
557 993 673 1030 causas
703 999 844 1039 gloriose
878 999 998 1030 iudica.
1032 1010 1111 1040 quas
1144 999 1352 1030 laudabiliter
1385 999 1576 1041 perorabas:
1610 999 1752 1030 assideat
1784 999 1843 1030 tibi

185 1051 319 1093 propria
343 1054 375 1082 et
399 1051 582 1082 exercitata
607 1051 764 1082 doctrina.
811 1051 906 1081 modo
932 1054 981 1081 est
1006 1051 1085 1081 felix
1111 1055 1143 1082 et
1172 1055 1261 1082 certa
1291 1051 1436 1081 condicio
1466 1051 1684 1092 negotiorum.
1715 1050 1843 1092 quando

184 1103 243 1134 illc
274 1103 471 1134 sententiani
500 1103 595 1141 dicit,
626 1103 679 1144 qui
709 1113 771 1133 11011
800 1106 907 1144 potest
935 1103 1086 1143 ignorare
1119 1102 1203 1144 quod
1232 1103 1322 1143 legit.
1369 1114 1432 1133 non
1462 1103 1547 1133 enini
1575 1103 1670 1133 decet
1702 1102 1842 1134 iudicem

186 1155 368 1186 ministrum
393 1166 467 1187 esse
492 1155 668 1186 voluntatis
692 1156 837 1188 alterius.
861 1158 896 1185 ut
922 1155 1025 1195 magis
1050 1155 1143 1185 alteri
1168 1158 1291 1196 pareat,
1318 1155 1368 1185 cui
1393 1158 1440 1185 tot
1464 1155 1584 1185 milites
1608 1154 1842 1185 obsecundant.

186 1210 273 1238 certe
299 1207 326 1238 si
350 1207 382 1238 in
407 1207 479 1238 aliis
503 1211 678 1248 utcumque
704 1208 919 1239 tolerandum.
944 1208 1038 1238 nimis
1064 1209 1095 1238 in
1114 1211 1288 1249 quaestore
1304 1208 1488 1249 pudendum
1508 1212 1567 1245 est,
1592 1211 1626 1238 ut
1644 1208 1697 1248 qui
1715 1208 1845 1248 eligitur

186 1259 226 1290 ad
249 1259 405 1301 principis
431 1259 612 1299 consilium7
638 1260 792 1290 solacium
817 1263 971 1301 expectet
995 1260 1148 1291 alienum.
1192 1260 1234 1291 Et
1258 1260 1342 1298 ideo,
1368 1259 1453 1301 quod
1478 1259 1538 1291 deo
1564 1260 1697 1302 auspice
1722 1259 1843 1290 dictum

185 1311 242 1350 sit⁷
273 1322 332 1353 per
361 1313 488 1342 sextam
518 1311 726 1342 indictionem
758 1316 952 1353 quaesturae
982 1311 1041 1343 tibi
1073 1312 1267 1343 conferimus
1299 1312 1502 1353 dignitatem.
1549 1311 1605 1342 sed
1636 1315 1709 1342 tuus
1740 1311 1843 1342 honor

184 1362 343 1405 imperitis
374 1363 583 1405 opprobrium
614 1367 673 1395 est.
720 1375 793 1394 nam
823 1364 906 1394 sicut
936 1363 1134 1394 conscientia
1163 1364 1250 1394 laeta
1279 1367 1343 1402 est⁷
1375 1374 1457 1405 quae
1488 1363 1678 1405 provehitur
1707 1363 1842 1401 meritis.

183 1415 228 1446 ita
261 1414 321 1446 sub
351 1418 443 1446 reatu
472 1415 572 1454 iacet,
605 1416 658 1457 qui
688 1426 722 1446 se
752 1416 908 1457 imparem
940 1416 1106 1457 cognoscit
1135 1416 1324 1447 muneribus
1354 1417 1545 1447 consecutis.
1593 1415 1694 1446 habes
1718 1415 1841 1457 priscos
1861 1422 1872 1440 2

184 1467 285 1506 viros,
317 1477 397 1509 quos
428 1470 460 1498 te
491 1467 608 1499 deceat
638 1468 767 1499 imitari.
814 1467 972 1510 praecede
1003 1468 1089 1498 fama
1118 1479 1213 1509 quem
1245 1468 1392 1509 sequeris
1424 1468 1593 1509 dignitate.
1638 1467 1721 1497 Nam
1754 1467 1780 1497 si
1811 1470 1842 1497 tc

182 1519 313 1561 privata
336 1519 404 1550 vita
427 1519 600 1551 virtutibus
626 1520 784 1554 exercuit.
816 1523 937 1562 quanto
962 1520 1078 1552 melius
1104 1523 1258 1562 provecta
1283 1520 1486 1552 declarabit?
1534 1520 1701 1561 sumpsisti
1725 1529 1842 1550 nomen

183 1581 225 1602 ex
255 1571 393 1602 meritis:
426 1571 567 1610 custodi,
599 1575 634 1603 ut
659 1583 788 1614 semper
812 1572 944 1603 laeteris
970 1572 1107 1603 veritate
1133 1572 1294 1603 vocabuli.
1340 1583 1415 1603 nam
1441 1582 1513 1603 cum
1538 1572 1641 1602 omnis
1666 1572 1842 1613 appellatio

185 1622 225 1653 ad
250 1622 464 1654 declarandas
490 1634 541 1654 res
568 1623 717 1655 videatur
740 1625 908 1666 imposita,
939 1624 1034 1655 nimis
1059 1624 1236 1655 absurdum
1260 1627 1310 1655 est
1333 1627 1464 1666 portare
1489 1634 1606 1655 nomen
1637 1624 1779 1655 alienum
1811 1627 1843 1655 et

185 1674 272 1705 aliud
297 1674 359 1706 dici
384 1685 480 1717 quam
504 1676 608 1718 possit
632 1677 663 1707 in
687 1676 831 1708 moribus
857 1675 1004 1706 inveniri.
1044 1686 1156 1706 verum
1181 1675 1261 1707 haec
1285 1676 1390 1707 bonae
1416 1676 1636 1707 eonscientiae
1662 1676 1750 1707 dicta
1774 1676 1840 1707 suf-
1861 1683 1872 1701 2

186 1726 306 1766 ficiant,
332 1726 408 1768 quia
431 1726 572 1758 dubitari
597 1727 636 1759 de
661 1728 716 1758 illo
742 1728 893 1767 creditur,
918 1728 972 1769 qui
996 1727 1145 1770 plurimis
1170 1732 1381 1759 ammonetur.

945 1883 1089 1915 XVIIII.

506 1951 703 1983 SENATUI
729 1952 864 1984 URBIs
890 1953 1047 1984 ROMAE
1074 1953 1398 1984 ATIIALAnIcns
1422 1952 1524 1983 REX.
1659 1980 1687 2000 α,
1706 1970 1842 2009 :Hm-‚23

288 2020 382 2052 Licet
406 2024 519 2052 coetus
545 2025 653 2053 vester
677 2023 818 2063 genuino
844 2022 1017 2064 splendore
1043 2033 1172 2064 semper
1202 2022 1386 2057 irradietur.
1418 2022 1535 2053 clarior
1563 2025 1669 2052 tamen
1697 2021 1844 2053 redditur

186 2072 336 2113 quotiens
372 2076 510 2114 augetur
546 2074 668 2105 lumine
706 2074 910 2115 dignitatum.
962 2085 1035 2105 nam
1070 2074 1195 2105 caeluni
1230 2074 1335 2115 ipsum
1369 2074 1473 2104 stellis
1507 2074 1737 2116 copiosissimis
1769 2074 1840 2115 plus

184 2124 326 2166 refulget
350 2127 382 2155 et
406 2124 446 2156 de
471 2136 644 2156 numerosa
673 2125 914 2168 pulchritudine
940 2126 1119 2157 mirabilem
1144 2125 1342 2156 intuentibus
1367 2125 1473 2156 reddit
1497 2125 1660 2156 decorem.
1705 2129 1840 2156 naturae

186 2176 347 2218 siquidem
373 2177 506 2208 insitum
530 2182 588 2217 est,
613 2181 648 2209 ut
671 2178 830 2209 bonorum
856 2178 949 2221 eopia
970 2179 1042 2220 plus
1060 2177 1212 2209 delectet.
1250 2182 1345 2220 prata
1361 2177 1499 2218 denique
1516 2177 1648 2209 floribus
1666 2177 1842 2219 pinguntur

289 2297 497 2331 BZNMKE(F)
501 2298 564 2330 H(G
572 2299 593 2329 I)

291 2366 307 2391 2
326 2369 560 2400 proeonfessioneni
575 2368 648 2392 le'a
718 2368 788 2401 quia]
809 2369 852 2400 qui
868 2368 897 2392 X
993 2368 1009 2392 3
1028 2369 1071 2400 qui
1092 2368 1163 2392 nouit
1184 2368 1296 2398 (nouerit
1310 2367 1368 2399 III)
1387 2367 1549 2399 aequitatem]
1570 2377 1645 2400 quem
1665 2368 1753 2392 uolunt
1774 2368 1842 2399 equi-

185 2414 249 2435 tates
269 2412 335 2435 tueri
350 2411 388 2435 Gt
468 2411 599 2444 sordescit]
624 2412 724 2436 fedatur
743 2413 865 2437 sordescit
885 2411 929 2435 Α111
1044 2410 1059 2435 4
1080 2412 1228 2435 insudantes
1249 2411 1291 2435 ΙΙ1
1406 2411 1421 2435 5
1440 2420 1490 2443 qua
1509 2410 1566 2443 fide]
1591 2420 1668 2443 quam
1687 2412 1782 2435 utiliter
1802 2411 1841 2435 Ε2

237 2458 358 2486 suscepta
380 2454 516 2487 peregeris]
541 2459 659 2487 percepta
683 2456 810 2488 peregeris
832 2455 865 2485 H,
891 2458 1008 2487 percepta
1030 2455 1112 2486 egeris
1127 2456 1168 2478 (r'fl
1249 2453 1398 2486 luculentia]
1424 2455 1597 2479 beniuolentia
1616 2454 1643 2478 F
1708 2458 1789 2478 tra‹·ta
1811 2454 1843 2481 Κ,

185 2500 340 2528 pertractata
352 2498 377 2522 B
439 2499 598 2531 peroraueris
611 2499 659 2523 (1¹⁴1
725 2497 815 2530 aequo]
835 2502 861 2522 ot
879 2507 929 2529 quo
944 2498 966 2521 11
1062 2497 1077 2521 11
1096 2497 1267 2521 incendebant
1281 2497 1326 2521 Ha
1379 2496 1455 2530 quod]
1476 2506 1525 2529 quo
1540 2497 1601 2524 HG.
1619 2507 1633 2521 a
1652 2506 1702 2529 quo
1718 2497 1740 2522 I.
1758 2506 1774 2522 a
1792 2506 1842 2529 quo

186 2540 252 2571 quod
273 2540 302 2564 N
404 2540 417 2565 7
438 2542 561 2566 desideret
582 2542 659 2571 ΠΗ),
679 2542 804 2566 desiderat
818 2541 858 2563 (1¹²
930 2541 1052 2565 iudicium
1071 2540 1156 2564 MEF
1222 2539 1299 2573 enim]
1320 2541 1397 2565 ctiam
1412 2541 1439 2565 F
1539 2542 1555 2565 ὅ
1574 2540 1685 2573 castitas]
1705 2541 1804 2565 claritas
1818 2540 1846 2564 F

185 2582 201 2606 9
220 2584 336 2609 coneedit
349 2584 379 2607 X
438 2585 507 2609 illam
524 2586 556 2609 H
647 2584 678 2609 10
696 2586 804 2617 gradum
818 2584 871 2608 Ilo*
962 2583 992 2608 12
1011 2583 1132 2616 assideat]
1152 2585 1215 2609 :Issit
1229 2584 1301 2607 Ill-'l
1388 2584 1418 2608 13
1436 2588 1461 2608 et
1483 2593 1530 2608 om.
1546 2584 1616 2608 II&va
1678 2593 1801 2616 negorum
1815 2584 1843 2607 J!

189 2625 220 2649 14
240 2626 311 2659 legit]
326 2627 358 2657 B,
377 2627 453 2659 elegit
467 2627 627 2658 ZXMRHI,
647 2629 717 2660 eligit
736 2627 837 2652 EFIJ'A
930 2627 960 2651 15
980 2631 1017 2651 tot
1036 2636 1082 2651 um.
1098 2628 1169 2651 IIGI
1262 2627 1292 2651 16
1313 2631 1361 2651 ute.
1383 2626 1434 2659 tol]
1455 2627 1541 2658 BHG,
1561 2632 1588 2652 ut
1607 2628 1673 2659 cepit
1695 2628 1736 2651 tol.
1762 2627 1780 2657 l,
1798 2627 1841 2651 tol.

186 2673 325 2701 utcumque
345 2670 493 2702 (utrumque
505 2671 543 2702 E)
559 2671 742 2695 ZXMKERI
842 2669 872 2695 17
892 2671 1029 2695 concilium
1041 2670 1072 2694 Il
1167 2670 1201 2696 *20
1219 2675 1318 2696 reatum
1332 2670 1356 2694 B
1418 2679 1444 2695 se
1464 2680 1509 2695 um.
1522 2670 1562 2694 Ι1η
1626 2671 1752 2703 cognoscit
1773 2674 1841 2702 (cog-

186 2713 257 2737 nouit
269 2712 330 2743 HG,
349 2713 422 2738 nouit
432 2712 462 2743 I)
479 2714 537 2746 imp.
548 2714 649 2738 FJMI
766 2713 797 2738 21
818 2714 885 2745 quod
899 2713 942 2737 Bi*
1024 2714 1147 2738 inmutari
1166 2714 1190 2737 B
1269 2714 1401 2746 praecedet
1419 2713 1458 2737 Πι
1576 2713 1608 2737 22
1628 2714 1796 2738 declarabitur
1816 2713 1847 2736 ll

238 2757 380 2788 sumpsistis
395 2756 427 2780 H
519 2756 552 2782 24
571 2767 610 2782 res
630 2759 692 2783 decl.
708 2758 780 2782 IIlr'I
872 2756 905 2781 ‘28
924 2756 1046 2789 genuino]
1061 2757 1147 2788 BZJI,
1165 2758 1266 2790 gemino
1281 2757 1393 2787 KEFA,
1413 2757 1437 2781 in
1456 2757 1557 2789 gemino
1572 2756 1604 2786 N,
1622 2757 1733 2788 ingenuo
1748 2756 1843 2786 Il‘ltr'L

186 2798 290 2831 ingenio
304 2798 347 2822 H¹
403 2799 523 2824 irraditur
536 2800 561 2824 B
571 2800 586 2831 ¹,
605 2802 738 2826 irredietur
748 2801 796 2831 [1²7
815 2800 918 2825 irradiet
929 2800 979 2831 ΕΞ,
998 2801 1134 2825 irradiatur
1148 2800 1199 2824 HG
1254 2799 1349 2832 tamen]
1364 2804 1381 2824 t.
1395 2808 1493 2832 semper
1503 2799 1530 2823 1³
1599 2798 1632 2823 29
1651 2799 1758 2831 copiosis
1774 2799 1843 2823 Ilo'l

187 2841 222 2865 31
243 2840 358 2873 insitum]
378 2842 500 2867 insertum
520 2843 559 2867 Ει

299 2888 485 2915 CAssmnonvs.
1653 2888 1686 2913 32

1864 1162 1886 1180 15

1860 2133 1885 2150 30

1907 1261 1923 1289 4
