2279 3261
810 1002 930 1037 Numeri
958 1011 1025 1038 nudi
1055 1012 1183 1038 indicant
1209 1013 1364 1040 Cassiodori
1391 1013 1495 1045 varias.
1528 1014 1634 1041 scilicet
1661 1015 1768 1041 numeri
1796 1015 1890 1042 Latini
1919 1018 1948 1042 et.

812 1063 922 1089 Arabici
942 1062 1044 1089 librum
1064 1064 1092 1089 et
1110 1062 1272 1097 epistulam,
1296 1072 1351 1097 qua
1369 1064 1514 1090 notatione
1537 1064 1567 1090 in
1590 1064 1729 1091 indicibus
1748 1065 1837 1099 primo
1860 1067 1889 1092 et
1907 1076 1946 1093 se-

813 1114 902 1140 cundo
921 1113 1134 1148 distinguuntur
1152 1114 1173 1140 ii
1191 1114 1293 1148 quibus
1307 1114 1444 1148 epistulae
1457 1115 1608 1149 inscriptae
1620 1117 1693 1148 sunt,
1711 1117 1819 1144 numeri
1834 1117 1946 1144 Arabici

812 1165 929 1192 maiores
949 1167 977 1192 et
996 1166 1116 1193 minores
1135 1166 1284 1193 voluminis
1302 1167 1436 1201 paginam
1455 1169 1484 1194 et
1501 1176 1619 1195 versum.

768 1234 790 1261 Ε
810 1234 906 1262 littera
929 1234 1090 1262 indicantur
1117 1234 1254 1269 epistulae
1278 1235 1441 1262 Theoderici
1467 1235 1560 1263 variae
1587 1236 1758 1271 compositae
1785 1238 1815 1264 in
1837 1238 1946 1265 addita-

813 1289 908 1315 mento
927 1289 1016 1322 primo
1035 1297 1062 1322 p.
1076 1288 1222 1314 387—39‘2.

774 1348 792 1374 S
811 1348 906 1375 littera
924 1349 1085 1375 indicantur
1103 1349 1166 1375 acta
1188 1348 1376 1381 synhodorum
1399 1348 1557 1375 habitarum
1578 1349 1682 1376 Romae
1705 1358 1729 1376 a.
1747 1349 1888 1377 CDXCIX.
1901 1351 1946 1378 DI.

810 1401 860 1426 DII
880 1400 955 1427 edita
974 1401 1004 1426 in
1023 1400 1215 1426 additamento
1239 1399 1359 1426 secundo
1378 1409 1404 1434 p.
1422 1400 1568 1427 393—455.
1594 1400 1786 1435 episcoporum
1804 1402 1946 1436 presbyte-

811 1462 902 1480 rorum
921 1453 1098 1479 diaconorum
1123 1452 1251 1478 laterculi
1270 1452 1438 1486 adlegantur
1464 1452 1616 1479 seeundum
1633 1460 1737 1479 annum
1764 1454 1792 1480 et
1810 1462 1946 1486 numeros,

811 1504 917 1531 seilicet
936 1505 953 1531 S
977 1504 1150 1532 CCCCXCIX
1175 1504 1202 1530 A
1226 1505 1267 1531 est
1292 1504 1351 1531 eius
1376 1505 1442 1530 anni
1472 1505 1622 1531 laterculus
1651 1505 1727 1539 prior
1752 1515 1778 1540 p.
1798 1506 1946 1534 399-402

810 1556 827 1582 S
846 1556 978 1583 CDXCIX
998 1556 1025 1582 B
1042 1556 1177 1589 posterior
1213 1565 1237 1590 p.
1257 1556 1403 1587 405-415,
1427 1555 1444 1582 S
1462 1556 1500 1582 DI
1522 1556 1672 1583 laterculus
1696 1558 1738 1583 est
1761 1566 1788 1591 p.
1806 1557 1943 1585 432-437

810 1608 827 1635 S
842 1609 891 1634 DII
910 1609 936 1634 A
955 1608 1014 1634 eius
1033 1608 1100 1634 anni
1119 1608 1195 1642 prior
1214 1617 1240 1642 p.
1253 1608 1399 1639 438—443,
1419 1607 1436 1634 S
1455 1608 1505 1635 DII
1524 1609 1552 1635 Β
1567 1608 1704 1643 posterior
1721 1618 1748 1643 p.
1761 1609 1906 1637 451—455.

767 1668 788 1694 P
807 1668 903 1694 littera
920 1668 1080 1694 indicantur
1097 1668 1326 1702 panegyricorum
1347 1668 1505 1702 fragmenta
1523 1669 1678 1703 composita
1701 1669 1732 1695 in
1749 1669 1943 1697 additamento

810 1719 894 1746 tertio
913 1729 939 1754 p.
954 1719 1100 1746 457—482.

776 1778 953 1805 *asteriscus
981 1779 1115 1805 vocabulo
1144 1779 1319 1813 praepositus
1349 1779 1380 1805 in
1410 1779 1501 1806 indice
1527 1779 1616 1813 primo
1646 1780 1797 1814 distinguit
1824 1781 1938 1807 nomina

810 1830 985 1857 formationis
1005 1831 1192 1857 Germanicae.
