2279 3261
791 184 984 210 VAulAliVM
1007 185 1065 215 vu,
1084 187 1108 210 8.
1128 186 1151 210 9.
1175 187 1211 210 u).
1234 186 1271 210 11.
1794 186 1856 214 209

1011 314 1052 344 X.

640 382 857 414 FORMULA
883 381 1070 413 TRIBUNI
1097 382 1415 413 VOLUPTATUM.

308 452 466 488 Quamvis
496 455 583 483 artes
612 452 757 483 lubricae
787 453 933 483 honestis
962 452 1106 482 moribus
1137 452 1200 482 sint
1229 455 1373 482 remotae
1405 456 1436 483 et
1468 452 1660 482 histrionum
1687 452 1752 481 vita
1777 462 1859 491 vaga

203 504 353 535 videatur
376 504 483 534 efferri
508 515 604 545 posse
629 505 774 543 lieentia,
804 508 912 535 tamen
936 503 1134 534 moderatrix
1160 504 1300 545 providit
1325 504 1513 544 antiquitas,
1544 508 1579 534 ut
1603 504 1634 534 in
1664 507 1765 534 totum
1797 513 1856 532 non

203 557 387 594 effluerent,
422 566 494 587 eum
527 559 559 586 et
590 556 681 597 ipsae
712 556 851 587 iudicem
884 556 1093 586 sustinerent.
1141 555 1407 586 amministranda
1438 559 1488 586 est
1512 556 1597 586 enim
1628 555 1687 586 sub
1718 554 1854 597 quadam

203 607 375 650 disciplina
403 607 562 638 exhibitio
592 608 806 649 voluptatum.
854 610 964 638 teneat
994 607 1161 638 scaenicos
1192 607 1218 637 si
1249 618 1311 637 non
1344 618 1453 643 verus,
1485 608 1535 638 vel
1567 607 1747 638 umbratilis
1779 606 1856 637 ordo
1890 614 1900 629 f»

202 659 320 690 iudicii.
371 662 595 701 temperentur
630 662 662 690 et
696 660 778 691 haec
810 660 920 701 legum
951 659 1108 701 qualitate
1144 660 1295 700 negotia,
1330 660 1423 700 quasi
1455 659 1610 690 honestas
1643 660 1779 701 imperet
1809 659 1856 689 in-

202 711 357 750 honestis,
381 713 413 742 et
438 710 632 753 quibusdam
657 712 778 753 regulis
804 712 924 750 vivant,
949 712 1002 752 qui
1024 712 1110 742 viam
1127 714 1235 742 rectae
1254 711 1509 742 conversationis
1527 711 1684 750 ignorant.
1726 710 1857 741 student

203 763 289 795 enim
305 763 352 794 illi
368 773 433 794 non
449 766 575 794 tantum
599 763 793 794 iucunditati
818 774 906 801 suae,
932 766 1086 805 quantum
1109 763 1236 794 alienae
1262 763 1406 794 laetitiae
1432 766 1463 793 et
1488 762 1676 793 condicione
1702 773 1857 803 perversa

203 826 275 847 cum
300 815 500 847 dominatum
527 816 592 846 suis
618 816 806 857 corporibus
832 816 973 853 tradunt,
1000 816 1123 847 servire
1148 816 1257 857 potius
1282 815 1406 846 animas
1432 815 1668 856 compulerunt.
1716 814 1857 855 Dignum

201 868 263 898 fuit
286 879 363 909 ergo
390 867 628 898 moderatorem
653 867 831 909 suscipere,
857 868 911 909 qui
936 878 970 898 sc
987 867 1138 898 nesciunt
1155 866 1294 897 iuridica
1311 867 1559 897 conversatione
1576 869 1728 897 tractare.
1767 866 1858 896 loeus

202 920 321 962 quippe
352 923 427 950 tuus
462 920 512 950 his
546 919 702 961 gregibus
734 919 899 950 hominum
930 919 1029 950 veluti
1059 918 1189 960 quidam
1220 922 1306 949 tutor
1337 921 1387 949 cst
1414 918 1549 959 positus.
1596 928 1669 948 nam
1701 918 1783 947 sicut
1813 917 1858 947 illi

202 974 328 1003 aetates
346 974 477 1002 teneras
496 971 642 1002 adhibita
660 972 789 1002 cautela
807 971 1003 1007 custodiunt,
1029 971 1073 1001 sic
1092 983 1110 1001 a
1127 974 1158 1001 te
1177 971 1360 1012 voluptates
1385 969 1528 1001 fervidae
1554 970 1702 1011 impensa
1725 969 1858 999 maturi-

203 1026 270 1055 tate
287 1023 466 1054 frenandae
485 1027 569 1054 sunt.
610 1034 671 1065 age
690 1024 783 1054 bonis
800 1024 956 1054 institutis
975 1023 1059 1064 quod
1078 1023 1175 1053 nimia
1193 1022 1365 1064 prudentia
1382 1025 1508 1052 constat
1526 1022 1689 1052 invenisse
1708 1021 1858 1051 maiores.

202 1076 273 1106 leve
298 1075 495 1106 desiderium
521 1076 583 1106 etsi
607 1075 805 1106 verecundia
829 1086 891 1106 non
916 1075 1057 1109 cohibet,
1082 1075 1241 1105 districtio
1266 1074 1494 1115 praenuntiata
1511 1073 1682 1105 modificat.
1722 1076 1859 1113 agantur

203 1127 393 1169 spectacula
417 1127 482 1158 suis
508 1127 798 1158 consuetudinibus
824 1128 987 1165 ordinata,
1018 1128 1093 1169 quia
1119 1137 1178 1157 nec
1202 1127 1247 1156 illi
1270 1129 1408 1168 possunt
1438 1126 1582 1156 invenire
1614 1125 1765 1166 gratiam,
1797 1124 1858 1154 nisi

202 1179 320 1210 imitati
353 1179 473 1210 fuerint
505 1180 647 1221 aliquam
680 1179 899 1221 disciplinam.
947 1180 1155 1221 Quapropter
1187 1178 1351 1209 tribunum
1384 1182 1415 1208 te
1445 1178 1649 1219 voluptatum
1681 1188 1738 1219 per
1769 1177 1856 1208 illam

203 1231 412 1262 indictionem
441 1234 552 1262 nostra
580 1232 659 1263 facit
687 1232 819 1270 electio,
850 1235 885 1262 ut
913 1232 1020 1262 omnia
1049 1232 1093 1262 sic
1117 1242 1212 1272 agas,
1242 1229 1514 1271 quemadmodum
1539 1230 1597 1260 tibi
1622 1232 1696 1260 vota
1720 1228 1859 1259 civitatis

204 1283 377 1325 adiungaS,
407 1294 448 1314 ne
473 1283 557 1325 quod
583 1283 623 1314 ad
646 1284 804 1314 laetitiam
830 1287 958 1315 constat
983 1284 1163 1319 inventum,
1193 1283 1257 1313 tuis
1283 1282 1484 1323 temporibus
1509 1281 1549 1312 ad
1575 1282 1686 1323 culpas
1711 1281 1859 1311 videatur

203 1335 303 1366 fuisse
321 1335 560 1367 transmissum.
600 1347 672 1367 cum
690 1336 777 1367 fama
796 1336 958 1366 diminutis
984 1335 1074 1366 salva
1098 1339 1154 1365 tua
1179 1334 1331 1375 opinione
1357 1344 1497 1364 versare.
1538 1333 1721 1363 castitatem
1748 1332 1857 1372 dilige.

205 1387 256 1418 cui
281 1387 450 1418 subiacent
474 1388 685 1429 prostitutae:
712 1391 746 1419 ut
770 1399 889 1429 magna
912 1387 1007 1418 laude
1033 1386 1169 1417 dicatur:
1197 1386 1382 1416 ‘virtutibus
1407 1385 1539 1419 studuit,
1565 1385 1618 1425 qui
1636 1383 1857 1425 voluptatibus
1877 1392 1893 1407 ·-'¹

204 1438 423 1470 miscebatur'.
470 1442 620 1481 optamus
653 1439 738 1471 enim
774 1442 808 1470 ut
841 1450 899 1480 per
929 1438 1087 1469 ludicram
1119 1437 1443 1468 amministrationem
1475 1437 1515 1467 ad
1544 1436 1659 1467 seriam
1690 1435 1859 1477 pervenias

206 1490 410 1532 dignitatem.

1003 1574 1063 1606 XI.

486 1645 705 1678 FORMULA
730 1644 1014 1677 DEFENSORIS
1040 1644 1312 1676 CUIUSLIBET
1337 1643 1577 1675 CIVITATIS.

311 1716 345 1747 Si
374 1715 414 1747 ad
444 1716 622 1747 cuiuslibet
649 1716 816 1757 negotium
848 1715 1071 1758 peragendum
1101 1716 1175 1747 talis
1208 1716 1348 1756 eligitur,
1382 1715 1436 1756 qui
1468 1713 1603 1745 consilio
1638 1716 1670 1744 et
1700 1712 1860 1753 gravitate

204 1768 366 1805 laudetur,
391 1772 510 1810 quanto
536 1769 755 1810 praestantior
780 1780 851 1800 esse
876 1768 989 1805 debes,
1018 1768 1071 1810 qui
1097 1768 1238 1809 suscipis
1263 1767 1395 1808 negotia
1419 1766 1578 1796 civitatis?
1626 1775 1699 1795 nam
1724 1765 1749 1794 si
1774 1764 1857 1805 pcri-
1879 1770 1896 1788 2-

205 1820 311 1850 culum
337 1823 386 1851 est
410 1831 508 1851 unum
534 1820 695 1862 decipere,
727 1820 803 1861 quid
828 1821 888 1851 erit
913 1821 1068 1862 imparem
1094 1823 1258 1850 tantorum
1283 1819 1411 1850 iudiciis
1437 1817 1604 1848 extitisse?
1652 1826 1751 1846 causa
1775 1815 1859 1845 enim

205 1872 378 1902 multorum
403 1872 486 1903 bene
513 1874 585 1903 aeta
608 1872 769 1909 nobilitat,
795 1871 924 1913 quando
949 1875 1053 1902 totum
1070 1871 1155 1902 bono
1173 1871 1341 1912 proposito
1360 1880 1456 1911 agere
1475 1869 1626 1899 creditur.
1652 1868 1703 1908 qui
1722 1876 1859 1908 genera-

206 1923 289 1954 libus
315 1923 486 1954 desideriis
511 1924 626 1955 adesse
652 1924 799 1955 sentitur.
847 1923 1060 1955 Defensorem
1086 1927 1117 1954 te
1142 1924 1251 1964 itaque
1280 1923 1365 1953 illius
1396 1922 1535 1953 civitatis
1567 1931 1625 1962 per
1653 1919 1860 1950 indictionem

205 1974 303 2014 illam,
329 1975 447 2006 civium
470 1978 598 2006 tuorum
623 1976 858 2017 supplicatione
883 1979 1039 2017 permota,
1065 1978 1176 2005 nostra
1200 1974 1348 2005 concedit
1372 1973 1559 2011 auctoritas,
1585 1976 1620 2002 ut
1637 1971 1716 2002 nihil
1734 1970 1859 2003 venale,

205 2026 286 2057 nihil
303 2026 483 2068 improbum
505 2027 613 2058 facere
638 2028 729 2063 velis,
755 2027 808 2069 qui
833 2028 890 2058 tali
914 2027 1040 2057 nomine
1066 2026 1273 2068 nuncuparis.
1313 2025 1508 2056 commercia
1533 2024 1657 2055 civibus
1683 2022 1859 2053 secundum

207 2081 386 2121 temporum
406 2079 598 2121 qualitatem
616 2080 780 2121 aequabili
802 2079 1027 2110 moderatione
1052 2078 1197 2120 dispone.
1238 2078 1371 2109 definita
1395 2087 1488 2107 serva
1513 2087 1595 2117 quae
1620 2075 1761 2107 iusseris,
1786 2074 1861 2115 quia

206 2141 268 2161 non
293 2134 343 2161 est
366 2131 458 2162 labor
474 2131 636 2162 vendendi
654 2143 795 2163 summas
813 2131 979 2162 includere
998 2131 1058 2161 nisi
1077 2134 1198 2161 statuta
1214 2131 1319 2172 pretia
1337 2128 1518 2160 castissime
1537 2127 1710 2158 custodire.
1745 2126 1860 2167 imples

207 2182 292 2214 enim
318 2194 351 2214 re
378 2194 455 2214 vera
478 2183 554 2214 boni
579 2183 760 2215 defensoris
785 2183 941 2219 officium,
973 2183 1000 2213 si
1025 2183 1112 2213 cives
1138 2186 1210 2213 tuos
1236 2192 1295 2213 nec
1320 2181 1448 2223 legibus
1473 2180 1608 2222 patiaris
1634 2178 1772 2220 opprimi
1802 2188 1860 2208 nec

208 2234 343 2265 caritate
369 2235 524 2266 consumi.

310 2338 602 2371 LRKP(TU)E(I‹⁷)(C
613 2340 721 2364 collatus
740 2339 775 2363 ad
794 2348 831 2371 est.
846 2339 942 2372 lofin.)

310 2407 326 2432 2
344 2408 459 2433 ludicrae
478 2409 540 2433 coni.
558 2409 611 2434 Cui.
683 2406 804 2440 honestis]
825 2409 856 2432 ab
876 2408 900 2432 li.
916 2408 967 2431 TU
1033 2406 1156 2439 moribus]
1177 2408 1267 2432 studiis
1288 2406 1390 2430 ,KEFff
1458 2414 1526 2436 uaga
1546 2414 1593 2429 0771.
1608 2405 1632 2429 P
1733 2403 1749 2427 3
1768 2402 1860 2433 efferri]

206 2451 289 2475 offerri
303 2451 371 2475 1³21]
450 2451 466 2475 5
484 2455 572 2476 teneas
587 2452 615 2476 K
660 2452 819 2476 umbraticus
834 2451 885 2475 TU
963 2451 978 2475 (3
998 2451 1101 2475 honesta
1116 2450 1191 2475 EFs'
1242 2451 1365 2482 imperent
1378 2449 1436 2479 EF,
1455 2449 1581 2480 imparrnt
1596 2449 1616 2472 0
1696 2446 1709 2471 7
1730 2448 1817 2470 iuuant
1836 2446 1861 2471 Τ,

206 2494 300 2518 uiuunt
315 2493 341 2519 U
438 2494 469 2518 10
488 2493 692 2526 conuersatione]
717 2495 886 2519 moderatione
907 2494 1009 2518 KEFC
1113 2494 1142 2518 11
1163 2497 1231 2518 tutor
1250 2497 1287 2517 est
1306 2491 1412 2525 positus]
1438 2496 1534 2516 illiul‘vs
1553 2492 1662 2523 pesitum
1683 2490 1709 2516 T.
1734 2494 1801 2514 tutor
1820 2498 1861 2512 vx—

207 2538 304 2569 positus
319 2535 345 2561 U
460 2537 490 2561 12
510 2538 656 2562 uoluntates
675 2537 725 2561 Tl‘
844 2536 874 2561 13
894 2536 953 2569 age]
978 2537 1024 2561 ade
1045 2537 1095 2567 KP,
1119 2538 1182 2561 adde
1208 2536 1246 2560 K*
1371 2534 1399 2559 14
1420 2534 1583 2565 desiderium]
1608 2534 1658 2557 desi
1680 2533 1727 2557 Tl'
1806 2542 1859 2564 pm

207 2581 277 2605 hibet
295 2581 324 2605 F
425 2580 613 2613 praenuntiata]
639 2581 804 2613 pronuntiata
824 2580 856 2611 A,
889 2581 1014 2612 praedicta
1038 2580 1139 2604 KEFG
1242 2580 1390 2603 mundificat
1413 2579 1440 2603 T.
1469 2578 1594 2602 modificet
1614 2576 1639 2601 Α
1743 2574 1860 2606 agauno-3

208 2628 333 2656 cogantur
347 2622 446 2648 PATU)
548 2624 579 2648 15
600 2625 744 2649 ordiuiuata
759 2624 781 2648 [ι’
883 2623 912 2647 115
933 2624 1008 2647 aliam
1024 2623 1075 2647 TI*v
1133 2624 1256 2647 tributum
1271 2622 1309 2646 L¹
1375 2622 1526 2654 u‹›luptahat
1541 2621 1579 2645 I‘a
1679 2618 1707 2643 ΙῙ
1728 2620 1758 2643 el.
1778 2620 1825 2642 sav.
1843 2618 1864 2641 I'

211 2666 241 2691 18
261 2668 370 2699 adiugas
384 2667 426 2691 La,
488 2666 530 2699 ne]
552 2676 599 2692 nee
612 2667 686 2691 EFG
781 2667 811 2691 19
832 2665 919 2699 fuisse]
940 2667 994 2691 iure
1010 2666 1061 2690 TI*
1119 2671 1163 2691 tua
1183 2675 1230 2690 om.
1242 2666 1271 2689 K
1367 2664 1400 2690 ‘20
1420 2666 1569 2689 subiaceant
1583 2664 1623 2687 F¹
1690 2663 1807 2686 dicantur
1822 2661 1860 2685 [¹¹

207 2709 238 2734 '21
264 2718 307 2742 per
326 2719 373 2734 om.
388 2710 426 2734 L¹
515 2711 638 2735 ludi-icam
652 2711 679 2734 E
798 2709 831 2733 25
855 2710 929 2733 debet
951 2710 994 2741 qui
1018 2710 1124 2742 suscipit
1137 2709 1162 2733 A
1285 2708 1318 2733 ‘26
1342 2707 1412 2740 quid]
1437 2708 1502 2739 quod
1517 2707 1579 2731 1)Δὶο
1667 2705 1765 2729 iudiciis
1782 2704 1861 2729 '‘lz'lv',

207 2753 294 2776 iudicii
308 2747 392 2783 LR—K,
415 2753 507 2778 iudicio
521 2754 569 2777 ΡΑ
692 2752 723 2777 2?
748 2753 859 2777 nibilitat
874 2752 898 2776 It’
1019 2752 1052 2776 ‘2⁸
1076 2753 1160 2785 imque
1184 2757 1207 2777 te
1223 2752 1273 2776 KP
1394 2751 1426 2776 250
1449 2751 1555 2783 permoti
1570 2750 1621 2774 RE
1711 2748 1744 2772 nil
1770 2748 1860 2771 uenale

207 2795 243 2819 nil
261 2794 287 2819 A
391 2794 423 2820 31
443 2795 595 2828 temporum]
621 2796 739 2829 temporis
758 2796 785 2826 Τ,
810 2796 921 2828 ipsorum
937 2793 966 2826 U,
990 2804 1037 2820 om.
1052 2795 1075 2819 B
1179 2795 1212 2820 32
1236 2799 1295 2819 cast.
1316 2799 1379 2819 eust.
1401 2794 1543 2825 (custodem
1564 2791 1625 2824 L²)]
1651 2796 1714 2815 cust.
1738 2794 1798 2814 cust.
1819 2790 1858 2814 Ι“ἰ

209 2837 242 2861 33
261 2837 316 2870 uec]
337 2847 387 2862 non
408 2838 435 2861 Κ

313 2883 500 2910 CAssmnons.
1672 2880 1704 2905 ’.Ξῖ

1880 872 1902 889 ΙΙ]

1880 1131 1902 1148 Ιῖι

1879 2029 1903 2046 :io

1922 816 1939 843 [ὑ

1923 1178 1938 1189 η

1923 1192 1940 1207 ιγ)

1924 1919 1940 1946 ie
