2279 3261
407 1612 424 1639 (i

409 1973 425 2002 xl

495 182 534 211 (53
1211 179 1421 205 CASSIODORI

494 267 654 308 probabili
679 267 891 308 dispositione
917 268 1098 296 coronatas:
1132 276 1213 306 quae
1238 266 1315 297 licet
1339 277 1426 297 more
1451 267 1575 298 calidae
1604 267 1780 299 nebulosos
1805 278 1942 309 vapores
1973 268 2137 307 exhalent,

494 318 575 348 hanc
600 322 708 348 tamen
732 317 904 348 iucundam
928 317 1193 358 perspicuitatem
1218 318 1406 359 aspectibus
1431 318 1581 350 humanis
1605 320 1766 360 aperiunt⁷
1791 322 1825 350 ut
1848 320 1952 360 quivis
1974 320 2138 351 hominum

497 370 584 399 illam
608 369 744 410 gratiam
769 368 933 399 desideret
958 368 1157 409 contingere,
1182 369 1280 400 etiam
1305 379 1376 400 cum
1401 380 1464 400 non
1488 370 1615 411 ignoret
1639 371 1765 401 ardere.
1812 381 1866 402 ore
1891 372 2082 412 plenissimo
2106 372 2139 402 in

493 421 649 462 sphaerae
672 419 880 450 similitudine
906 430 1003 461 supra
1026 420 1180 451 terminos
1206 431 1278 451 suos
1303 431 1457 462 aquarum
1483 421 1579 452 dorsa
1603 425 1804 463 turgescunt,
1827 422 1910 454 unde
1934 423 2024 454 latex
2047 425 2139 453 tanta.

463 479 473 496 5»
494 472 601 512 quiete
630 471 754 507 defluit,
785 475 875 502 tanta
902 472 993 513 quasi
1023 471 1200 502 stabilitate
1230 472 1387 511 decurrit,
1417 476 1451 503 ut
1476 484 1549 504 eum
1574 483 1638 503 non
1661 476 1755 514 putes
1781 484 1945 511 crescere,
1975 474 2038 505 nisi
2062 474 2137 515 quia

449 736 473 753 lo

448 995 470 1012 15

445 1252 470 1271 ⁴21>

491 523 564 554 inde
595 523 714 564 aliquid
746 534 844 554 rauco
879 534 1041 554 murmure
1076 524 1176 554 sentis
1212 524 1311 556 exire.
1356 524 1500 555 Veniunt
1529 534 1632 565 aquae
1663 535 1720 566 per
1749 525 1896 566 algentes
1925 528 2051 556 meatus
2082 526 2138 556 tali

492 574 618 606 fervore
643 585 835 612 succensae,
861 578 895 606 ut
918 578 992 616 post
1017 586 1153 606 recurva
1177 576 1294 616 spatia,
1328 586 1408 617 quae
1435 579 1504 606 arte
1528 576 1613 606 facta
1638 579 1712 606 sunt
1736 576 1897 617 longiora,
1927 577 2049 608 calores
2074 577 2139 608 sint

491 627 651 658 maximos
684 627 880 658 redditurae.
936 638 953 657 o
981 627 1125 667 magistri
1159 626 1341 657 mirandum
1373 638 1504 668 semper
1534 627 1718 668 ingenium,
1757 631 1793 658 ut
1829 631 1963 659 naturae
2001 628 2138 659 furentis

491 678 638 709 ardorem
662 679 707 709 ita
731 679 771 709 ad
795 679 969 710 utilitatem
994 679 1125 709 humani
1152 679 1296 720 corporis
1322 682 1530 720 temperaret.
1555 683 1590 709 ut
1614 678 1697 720 quod
1722 679 1754 709 iu
1777 679 1900 720 origine
1917 679 1994 711 dare
2011 682 2139 721 poterat

492 733 640 765 mortem,
670 730 857 761 doctissime
890 730 1093 761 moderatum
1124 734 1156 760 et
1187 730 1435 760 delectationem
1464 730 1622 761 tribueret
1652 734 1684 761 et
1714 731 1866 762 salutem!
1912 731 2000 762 iuvat
2027 731 2137 763 videre

493 785 668 815 secretum,
698 782 809 812 latices
834 792 970 823 vapores
999 782 1111 822 igneos
1143 781 1349 816 exhalantes,
1381 782 1518 812 amicum
1548 782 1642 812 undis
1666 782 1891 814 indesinenter
1914 783 2076 818 ardorem,
2107 787 2139 815 et

492 833 631 864 calorem
655 834 764 864 venire
789 833 927 864 decursu
952 833 1022 871 rivi,
1046 832 1132 864 unde
1156 833 1314 863 usualiter
1338 833 1465 863 solebat
1490 834 1645 874 extingui.
1685 835 1798 865 merito
1823 835 1934 866 dicunt
1957 835 2139 877 philosophi

491 885 654 915 elementa
684 885 743 915 sibi
773 885 892 915 mutuis
922 885 1203 926 complexionibus
1232 885 1351 925 illigari
1381 888 1412 915 et
1440 885 1580 916 mirabili
1611 886 1761 928 coniungi
1789 887 2023 927 foederatione,
2056 897 2138 928 quae

490 937 574 967 inter
598 948 632 967 se
657 937 818 967 contraria
840 937 1074 978 intelleguntur
1091 937 1250 968 varietate
1270 947 1424 978 pugnare.
1465 937 1550 968 Ecce
1568 937 1753 969 madentem
1771 938 1985 970 substantiam
2003 950 2138 981 vapores

490 988 668 1029 producere
699 992 825 1019 constat
849 988 984 1029 ignitos,
1015 999 1097 1030 quae
1120 999 1197 1019 mox
1221 988 1261 1019 ad
1286 989 1484 1020 thermarum
1509 988 1657 1020 aedificia
1681 989 1800 1021 decora
1823 991 2023 1032 pervenerit,
2054 991 2139 1022 illisa

491 1040 639 1070 cautibus
671 1040 757 1070 unda
787 1040 987 1071 descendens
1019 1044 1050 1071 et
1081 1051 1157 1071 aera
1188 1051 1243 1071 sua
1275 1041 1430 1082 qualitate
1462 1040 1629 1071 succendit
1657 1044 1690 1072 et
1719 1044 1808 1072 tactu
1837 1042 1872 1072 fit
1902 1041 2035 1082 habilis,
2067 1053 2138 1073 cum

489 1094 621 1133 recepta
652 1091 748 1122 fuerit
778 1092 809 1122 in
841 1092 992 1122 lavacris:
1027 1091 1111 1122 unde
1143 1102 1205 1122 non
1238 1096 1362 1122 tantum
1395 1092 1550 1123 deliciosa
1582 1092 1732 1134 voluptas
1764 1092 1952 1134 adquiritur,
1984 1097 2137 1135 quantum

489 1143 609 1174 blanda
633 1142 796 1174 medicina.
821 1143 994 1174 confertur.
1042 1144 1167 1174 seilicet
1193 1144 1260 1175 sine
1286 1147 1445 1175 tormento
1472 1155 1558 1181 cura,
1589 1144 1657 1175 sine
1682 1144 1815 1176 horrore
1841 1145 1993 1183 remedia,
2019 1145 2138 1176 sanitas

488 1195 655 1236 impunita,
681 1195 797 1225 balnea
821 1198 932 1226 contra
955 1195 1099 1226 diversos
1124 1195 1254 1227 dolores
1281 1197 1421 1237 eorporis
1446 1196 1610 1227 attributa..
1650 1207 1731 1237 quae
1749 1196 1821 1227 ideo
1838 1196 1991 1238 Aponum
2010 1196 2138 1228 Graeca

488 1247 600 1287 lingua
628 1246 828 1277 beneficialis
859 1247 1034 1277 nominavit
1063 1247 1252 1288 antiquitas,
1285 1250 1319 1277 ut
1349 1258 1480 1278 causam
1509 1248 1589 1278 tanti
1622 1248 1756 1279 remedii
1788 1258 1887 1290 aeger
1918 1252 2138 1289 cognosceret⁷

489 1308 560 1328 cum
586 1297 625 1329 de
649 1299 705 1329 tali
730 1299 859 1330 nomine
884 1298 1015 1329 dubium
1040 1299 1084 1329 nil
1110 1299 1254 1330 haberet.
1301 1299 1366 1330 Sed
1391 1300 1474 1330 inter
1498 1300 1562 1330 alia
1586 1300 1648 1330 loci
1671 1300 1771 1341 ipsius
1796 1300 1879 1331 bona
1903 1300 1982 1331 illud
2012 1310 2137 1342 quoque

489 1349 683 1392 stupendum
716 1361 787 1381 esse
817 1350 1003 1383 didicimus.
1034 1350 1119 1392 quod
1150 1362 1214 1381 una
1243 1351 1435 1382 fluentorum
1465 1356 1580 1384 natura
1611 1351 1747 1382 diversis
1778 1351 1967 1383 ministeriis
1990 1351 2139 1383 videatur

488 1402 706 1433 accommoda.
750 1413 823 1433 nam
849 1403 994 1444 protinus
1020 1413 1099 1433 saxo
1125 1403 1322 1444 suscipiente
1348 1403 1461 1433 collisa
1485 1404 1607 1434 inhalat
1631 1403 1754 1444 primae
1780 1403 1916 1434 cellulae
1941 1403 2138 1434 sudatoriam

491 1454 693 1495 qualitatem:
724 1454 840 1486 deinde
870 1456 900 1485 in
929 1455 1044 1485 solium
1074 1454 1220 1495 mitigata
1249 1454 1452 1486 descendens
1483 1456 1598 1485 minaci
1624 1455 1739 1486 ardore
1764 1455 1914 1496 deposito
1940 1455 2031 1486 suavi
2055 1458 2137 1486 tem-

447 1513 470 1530 '-¹=··
490 1506 659 1547 peratione
684 1507 858 1537 mollescit:
892 1516 966 1537 mox
996 1507 1027 1537 in
1055 1507 1194 1537 vicinum
1226 1507 1383 1548 producta
1412 1518 1483 1538 cum
1513 1508 1622 1549 aliqua
1651 1507 1805 1538 dilatione
1834 1507 2006 1549 torpuerit,
2037 1507 2137 1538 multo

446 1772 470 1788 31>

488 1558 637 1589 blandius
667 1558 853 1600 intepescit:
888 1562 1051 1600 postremo
1081 1559 1150 1600 ipso
1181 1569 1307 1600 quoque
1337 1562 1450 1600 tepore
1480 1559 1636 1590 derelicto
1665 1560 1696 1590 in
1727 1559 1885 1600 piscinam
1916 1558 2137 1590 Neronianam

487 1609 603 1651 frigida
626 1613 750 1640 tantum
776 1610 923 1650 efficitur,
955 1614 1109 1652 quantum
1134 1611 1221 1653 prius
1250 1611 1408 1642 ferbuisse
1440 1612 1589 1643 sentitur.
1634 1611 1706 1642 Non
1737 1612 1886 1642 inmerito
1918 1612 2057 1643 auctoris
2087 1612 2137 1643 sui

489 1662 686 1704 participans
711 1673 829 1693 nomen
855 1663 982 1704 collega
1007 1667 1056 1694 est
1080 1674 1151 1694 cum
1169 1663 1331 1694 viriditate
1357 1674 1566 1704 gemmarum,
1592 1666 1626 1694 ut
1643 1663 1714 1705 ipsa
1731 1674 1857 1705 quoque
1876 1664 1969 1694 vitrei
1986 1664 2139 1695 elementi

489 1714 596 1744 colore
622 1715 794 1755 perspicua
819 1714 973 1755 quasdam
999 1718 1177 1746 trementes
1202 1715 1305 1746 undas
1338 1715 1447 1756 quieta
1476 1718 1685 1746 commoveat.
1731 1715 1787 1746 sed
1814 1719 1849 1746 ut
1878 1715 1981 1757 ipsum
2011 1725 2138 1757 quoque

489 1765 652 1796 lavacrum
676 1766 828 1797 mundius
855 1767 1052 1799 redderetur.
1078 1767 1237 1808 stupenda
1261 1767 1398 1808 quadam
1425 1767 1643 1798 continentiae
1669 1766 1841 1808 disciplina
1863 1767 1894 1797 in
1919 1766 2048 1802 undam,
2077 1777 2139 1808 qua

490 1817 547 1848 viri
570 1821 768 1850 recreantur.
794 1819 819 1849 si
845 1819 958 1850 mulier
982 1819 1167 1850 descendat.
1192 1818 1385 1853 incenditur,
1410 1822 1582 1860 propterea
1605 1819 1681 1859 quia
1705 1822 1736 1849 et
1760 1819 1839 1860 ipsis
1862 1819 1964 1850 altera
1981 1818 2138 1849 exhibitio

488 1868 605 1899 decora
628 1869 745 1900 collata
767 1874 831 1900 est:
858 1871 984 1901 scilicet
1008 1882 1048 1901 ne
1073 1870 1257 1902 ardentium
1279 1881 1435 1911 aquarum
1460 1869 1727 1901 fecundissimum
1751 1870 1857 1901 locum
1881 1880 1945 1900 non
1970 1869 2139 1901 crederent

488 1920 651 1952 habuisse.
676 1921 761 1952 unde
785 1922 923 1963 plurima
946 1923 1131 1964 largiretur,
1161 1922 1187 1952 si
1211 1926 1348 1963 uterque
1374 1933 1473 1953 sexus
1498 1933 1560 1953 uno
1585 1932 1719 1953 munere
1745 1922 1959 1953 communiter
1982 1925 2138 1954 uteretur.

487 1972 578 2003 Ilaec
603 1974 790 2014 perennitas
815 1984 971 2015 aquarum
996 1973 1208 2015 intellegendi
1226 1977 1370 2016 praestat
1386 1973 1537 2005 indicium
1556 1985 1614 2015 per
1632 1974 1745 2015 igneas
1763 1977 1869 2005 terrac
1886 1984 1985 2004 venas
2003 1973 2138 2004 occultis

467 2038 470 2047 ›
491 2024 651 2055 meatibus
676 2025 863 2056 influentem
889 2026 1002 2058 imitus
1023 2026 1054 2056 in
1079 2036 1173 2056 auras
1199 2035 1369 2066 erumpere
1395 2025 1523 2056 excocti
1548 2025 1645 2057 fontis
1662 2026 1821 2067 inriguam
1840 2026 2024 2067 puritatem.
2064 2035 2137 2056 nam

592 2145 724 2170 LRKPJJ
729 2146 824 2178 (mm)
829 2145 900 2178 E(F)

592 2223 604 2247 1
625 2222 701 2255 more]
722 2224 747 2247 in
767 2233 807 2248 ore
822 2224 901 2248 Xlllv'
955 2225 1052 2248 calidae
1070 2233 1117 2249 oni.
1130 2225 1197 2249 Χ]ἠ
1288 2224 1304 2248 2
1324 2223 1360 2256 ut]
1380 2225 1423 2248 ulii
1440 2224 1463 2248 12⁷
1554 2224 1569 2247 3
1587 2224 1727 2256 contigeret
1740 2223 1761 2247 L
1772 2223 1788 2253 ¹,
1813 2224 1940 2255 contigere
1955 2223 1994 2247 L²
2052 2222 2136 2255 etiam]

489 2271 513 2291 et
524 2267 602 2290 XEF
652 2266 712 2299 non]
730 2277 790 2292 num
802 2267 831 2294 (st,
848 2278 894 2292 υιιι.
906 2269 931 2292 Ε
983 2269 1069 2293 :ireule
1082 2267 1104 2291 ()
1191 2269 1207 2293 5
1225 2269 1361 2293 decurrunt
1376 2268 1423 2291 ΔῙ[·Ί
1477 2276 1533 2291 eum
1548 2276 1594 2291 mn.
1606 2265 1769 2290 JIONXEF
1854 2265 1867 2290 T
1881 2264 1986 2297 calores]
2001 2266 2026 2289 iu
2040 2266 2087 2290 eal.
2099 2266 2137 2289 Ae

488 2311 504 2334 ὅ
523 2310 630 2334 maxime
649 2311 775 2334 rediturae
788 2312 824 2334 ,1⁰
909 2310 924 2333 9
943 2312 1043 2335 ardores
1056 2312 1239 2336 MOXXEFA
1289 2310 1332 2343 ita]
1354 2313 1387 2335 ita
1410 2316 1435 2335 ut
1449 2311 1469 2335 I,
1480 2311 1487 2325 ¹
1535 2311 1606 2335 daret
1619 2310 1640 2332 (Ι
1724 2308 1754 2333 11)
1770 2309 1829 2333 iuna
1842 2309 1889 2332 ΜΠ
1937 2309 2022 2332 nidere
2037 2318 2084 2333 0711.
2097 2309 2137 2332 E¹

490 2353 517 2377 1]
539 2354 685 2377 exhalentes
700 2353 748 2378 L³¹.
768 2354 897 2378 exalentes
910 2354 950 2375 (Ν
1058 2354 1088 2379 12
1107 2356 1187 2379 ueniri
1203 2354 1224 2377 ()
1295 2355 1409 2379 solebant
1424 2354 1470 2377 Jla
1578 2352 1609 2377 13
1628 2351 1684 2384 sibi]
1705 2353 1758 2376 suis
1774 2351 1812 2375 ΕΙ
1884 2352 2057 2383 complexibus
2071 2351 2137 2375 Iole

540 2397 642 2428 coniugi
663 2396 703 2419 La
836 2396 865 2420 14
890 2398 1006 2421 madente
1022 2396 1044 2421 O
1175 2397 1206 2422 15
1231 2399 1331 2430 ignotos
1350 2396 1460 2426 illle‘,
1487 2398 1587 2428 ignotas
1607 2396 1650 2419 ,Va
1744 2394 1816 2427 quae]
1843 2396 1886 2427 qui
1910 2395 1989 2424 (ΠΤ,
2016 2403 2093 2426 quam
2113 2395 2141 2418 X

540 2438 607 2471 mox]
623 2440 860 2470 ΡΩᾸΙΟᾹᾎΥΕΙᾞΙ,
879 2450 936 2464 mox
957 2446 985 2465 ut
1000 2440 1117 2465 LRKPb
1175 2442 1263 2465 deeora
1283 2450 1330 2465 0111.
1345 2441 1372 2464 A·
1427 2444 1597 2473 peruenerunt
1612 2438 1792 2468 MOXEFAQ,
1812 2438 1973 2470 pei-uenerint
1987 2438 2015 2461 K
2070 2438 2136 2462 unda

489 2483 551 2506 illisa
572 2486 638 2506 eaut.
653 2482 695 2505 ΧΗ
786 2483 816 2507 16
836 2484 945 2507 succedit
963 2484 984 2505 ()
1037 2489 1119 2509 tractu
1135 2482 1156 2507 0
1205 2489 1264 2516 post
1283 2485 1376 2508 habilis
1396 2484 1443 2508 im.
1463 2484 1516 2507 sine
1536 2491 1619 2507 errore
1639 2482 1748 2505 remedia
1762 2481 1801 2504 13¹
1892 2480 1921 2504 17
1941 2485 2040 2505 tantum
2054 2490 2101 2504 ani.
2113 2481 2142 2504 A*

490 2526 521 2550 18
540 2527 634 2550 honore
650 2524 671 2549 O
750 2530 832 2550 santus
855 2526 893 2550 La
1012 2526 1042 2551 19
1062 2528 1158 2552 dederes
1179 2536 1225 2551 om.
1242 2526 1263 2549 0
1343 2536 1471 2559 apponum
1491 2526 1524 2556 X,
1548 2535 1599 2550 non
1619 2533 1729 2557 aponum
1746 2521 1767 2545 0
1884 2522 1918 2548 20
1936 2524 2100 2548 henebicialis
2116 2522 2137 2547 O

486 2569 516 2594 ⁴21
539 2568 582 2601 nil]
603 2578 653 2593 non
668 2569 704 2592 ils*
812 2568 845 2592 22
863 2570 1003 2601 stupendus
1016 2568 1099 2601 Pst[?]
1169 2571 1276 2595 dicimus
1290 2570 1336 2594 Ma
1445 2569 1478 2594 ‘23
1497 2569 1659 2593 accomodata
1673 2567 1702 2591 ‚V
1767 2565 1839 2598 saxo]
1860 2575 1906 2590 om.
1921 2566 2011 2596 Max,
2028 2575 2043 2591 a
2058 2566 2137 2591 XEF

487 2611 520 2636 ⁸24
539 2611 639 2644 solium]
660 2612 852 2642 Ix'JwXXElv',
875 2612 956 2636 solum
974 2612 1071 2636 Llrlnl
1200 2612 1232 2637 :25
1252 2613 1346 2637 uieium
1363 2612 1385 2635 ()
1472 2610 1539 2643 cum]
1560 2616 1597 2635 est
1615 2611 1643 2635 K
1762 2608 1796 2633 26
1820 2609 1935 2641 plandius
1952 2609 1972 2633 0
2060 2618 2135 2641 quoq.

488 2656 541 2687 ipso
563 2655 584 2678 Ia'
683 2654 776 2687 tepore]
802 2659 911 2687 tempore
929 2655 992 2678 015¹
1092 2656 1117 2679 in
1140 2664 1187 2680 0111.
1204 2655 1225 2677 l)
1358 2655 1390 2680 *27
1414 2656 1524 2680 auctoris
1550 2653 1598 2685 sui]
1626 2654 1718 2678 actoris
1742 2653 1781 2676 sui
1800 2652 1890 2676 MXF.
1917 2653 2022 2676 actionis
2047 2661 2093 2677 sue
2112 2653 2142 2676 N

487 2698 520 2722 *25
544 2697 679 2722 uiti-0:10¹
762 2698 885 2722 elementa
903 2696 924 2719 ί)
1042 2697 1074 2721 '29
1099 2698 1214 2722 timentes
1231 2698 1252 2720 (l
1340 2702 1497 2722 eonnuoneat
1518 2698 1543 2721 E
1658 2695 1692 2720 30
1715 2696 1886 2720 continentiae
1910 2694 2054 2727 disciplina]
2078 2704 2136 2720 con-

487 2742 597 2765 tinencia
612 2741 641 2764 X
696 2741 720 2764 in
740 2740 844 2772 undam}
864 2741 932 2765 unda
947 2740 1109 2764 MOXXEF
1199 2740 1228 2765 31
1251 2742 1386 2765 descendat
1406 2750 1452 2765 (rm.
1468 2739 1489 2764 ()
1548 2738 1617 2772 quia]
1639 2739 1706 2771 quod
1720 2739 1805 2768 XEA,
1823 2748 1870 2763 cm.
1886 2738 1908 2760 (1
1967 2743 1991 2763 et
2009 2747 2056 2763 om.
2070 2738 2136 2762 ΚΑΘ

486 2784 519 2808 32
539 2785 634 2808 arcium
650 2784 672 2808 0
725 2785 836 2808 erederet
852 2783 873 2806 l)
966 2783 997 2807 34
1018 2782 1090 2815 haee]
1110 2784 1173 2808 haec
1193 2784 1334 2815 supradicta
1351 2784 1427 2807 Lm<
1479 2784 1600 2808 iudicium
1614 2782 1640 2807 E
1725 2782 1758 2806 35
1777 2782 1925 2806 influentem
1945 2780 2040 2813 imitus]
2056 2781 2135 2806 LHP.

489 2828 636 2852 influentem
656 2828 743 2852 unitus
765 2828 796 2853 Jx'.
817 2828 926 2851 intluens
946 2827 1046 2851 deintus
1065 2826 1276 2854 M0XXEF.1¹⁴,
1297 2828 1442 2851 influentem
1464 2827 1531 2851 intus
1552 2828 1588 2850 ΑΕ
