2279 3261
341 1602 358 1630 ΕΠ

375 730 398 747 lu

376 1245 400 1263 211

416 176 476 205 270
1131 170 1343 197 CASSIODORI

414 271 485 291 raro
511 259 666 301 proditur,
691 262 726 289 ut
751 258 926 289 studiosius
952 260 1134 299 expetatur.
1175 256 1379 298 Quapropter
1403 256 1440 287 ad
1466 268 1606 288 massam
1623 257 1700 288 iuris
1719 258 1817 288 nostri
1835 258 2057 290 Rusticianam

414 313 445 342 in
462 311 661 341 Bruttiorum
685 310 849 351 provincia
874 310 1083 340 constitutam
1108 308 1364 349 magnitudinem
1390 311 1477 338 tuam
1502 307 1649 338 iubemus
1676 308 1870 340 chartarium
1895 309 2058 340 destinare

416 367 448 393 et
478 363 516 399 si,
547 366 581 392 ut
612 362 650 392 ab
681 361 803 391 artifice
832 362 944 392 harum
974 371 1080 392 rerum
1105 360 1276 391 Theodoro
1306 360 1433 396 dieitur,
1464 361 1649 390 memoratis
1678 361 1776 391 rebus
1805 365 1892 392 terra
1921 362 2059 392 fecunda

416 418 474 449 est,
500 414 636 444 officinis
662 414 861 443 sollemniter
885 412 1040 443 institutis
1065 413 1221 443 montium
1246 413 1372 443 viscera
1388 412 1627 453 perquirantur:
1653 412 1790 443 intretur
1806 412 1963 443 beneficio
1980 413 2057 443 artis

415 466 445 495 in
478 465 644 506 penetrale
675 465 799 495 telluris
831 467 863 495 et
894 464 982 495 velut
1011 464 1042 494 in
1075 463 1237 494 thesauris
1268 463 1332 494 suis
1362 466 1476 493 natura
1506 463 1649 504 locuples
1680 463 1869 504 inquiratur.
1921 465 2059 495 cameris

417 517 501 547 enim
531 516 700 557 ingeniosa
734 516 998 557 praesumptione
1030 515 1199 551 revolutisq
1236 515 1394 556 talpinum
1425 513 1543 544 animal
1574 514 1751 549 imitantes,
1786 515 1902 546 itinera
1934 515 2061 546 fodiunt

416 578 498 608 quae
523 567 616 597 nullis
641 570 716 598 ante
747 570 930 608 patuerunt.
980 567 1024 597 sic
1054 567 1186 597 ambitio
1215 567 1259 596 nil
1288 565 1442 606 relinquit
1471 565 1697 596 absconditum
1727 577 1786 597 nee
1818 567 1873 597 ubi
1902 567 2060 598 interdum

417 620 578 650 sustinere
603 620 706 661 possit
732 623 925 649 extremum.
971 618 1096 648 Intrant
1119 618 1266 648 homiues
1292 617 1449 658 caligines
1473 617 1663 658 profundas,
1694 618 1806 648 vivunt
1830 619 1898 649 sine
1924 619 2060 660 superis.

417 672 549 701 exulant
579 670 696 701 a'sole
728 676 775 706 et,
812 670 886 701 dum
918 670 977 700 sub
1009 670 1104 700 terris
1136 668 1327 711 compendia
1358 672 1531 709 quaerunt,
1568 679 1797 710 nonnunquam
1828 670 1907 700 lucis
1944 670 2061 712 gaudia

418 723 653 764 derelinquunt.
701 727 750 754 est
780 723 843 753 illis
877 721 1048 763 aliquando
1081 721 1173 751 ruina
1204 722 1256 751 via
1290 731 1347 751 sua
1380 725 1411 751 et
1442 720 1563 750 reditus
1593 731 1767 761 procurare
1798 726 1977 762 nequeunt,
2009 722 2062 763 qui

418 774 555 815 pedibus
581 774 645 804 suis
671 775 804 804 semitas
830 774 974 815 operosis
1001 772 1147 803 manibus
1173 773 1361 803 effecerunt.
1402 772 1459 802 sed
1485 772 1600 813 quibus
1626 773 1749 803 cautior
1772 783 1834 807 ars,
1860 774 1923 804 vita
1941 773 2064 804 felicior

418 830 477 862 est,
503 827 623 856 intrant
646 830 790 867 egentes,
817 830 938 856 exeunt
963 825 1124 866 opulenti:
1150 825 1218 855 sine
1243 824 1328 854 furto
1354 823 1481 854 divitias
1506 823 1644 865 rapiunt,
1669 824 1787 865 optatis
1812 824 1970 856 thesauris
1994 826 2062 856 sine

419 878 537 908 invidia
562 878 771 919 perfruuntur
796 882 828 908 et
852 878 911 907 soli
937 880 1011 906 sunt
1035 876 1199 906 hominum
1225 876 1277 917 qui
1299 875 1421 916 absque
1442 875 1508 905 ulla
1525 874 1756 906 nundinatione
1774 877 1877 917 pretia
1894 876 2064 908 videantur

419 929 599 970 adquirere.
652 940 727 959 mox
759 930 844 959 enim
876 933 911 959 ut
943 940 1103 971 supernae
1135 929 1198 959 luei
1230 929 1349 959 fuerint
1381 928 1536 963 restituti,
1573 928 1695 958 minuta
1731 939 1878 970 quaeque
1914 930 2064 970 graviora

396 981 677 1011 ·diseernentibus
708 981 798 1022 aquis
828 992 846 1012 a
875 981 1039 1021 genetrice
1070 984 1156 1011 terra
1184 983 1336 1021 separant
1367 990 1403 1011 ae
1432 980 1585 1010 fictilibus
1617 980 1782 1011 recondita
1810 985 1903 1011 vasta
1933 982 2064 1012 fornace

420 1032 617 1073 decoquunt,
647 1033 749 1063 donee.
780 1033 945 1063 solvantur
973 1032 1096 1063 utiliter
1124 1033 1154 1062 in
1185 1032 1357 1073 liquorem,
1388 1032 1538 1072 rivosque
1568 1031 1607 1062 de
1631 1032 1759 1062 flamma
1783 1033 1951 1063 venientes
1977 1037 2065 1064 tanto

419 1085 492 1125 igne
529 1084 726 1126 depurgant‚
767 1095 932 1126 quousque
967 1083 1241 1125 pulchritudinem
1277 1084 1324 1114 sui
1357 1083 1508 1124 prodant,
1550 1094 1644 1124 quam
1679 1088 1808 1114 terrena
1844 1085 1984 1123 viscera,
2025 1096 2065 1116 nc

420 1139 625 1177 cuperentur«
657 1136 906 1166 absconderant.
953 1136 1100 1166 Vincitur
1130 1139 1260 1171 natura,
1294 1135 1369 1166 dum
1403 1146 1472 1166 earn
1505 1135 1653 1166 meliorat
1685 1136 1852 1167 industria.
1904 1137 2067 1178 pulchrior

421 1192 470 1217 est
499 1187 574 1217 dum
604 1188 734 1223 arserit,
766 1188 871 1229 potior
900 1188 974 1218 dum
1005 1187 1187 1222 decoxerit,
1217 1187 1291 1227 quia
1320 1190 1444 1217 tautum
1475 1187 1590 1217 erescit
1614 1187 1654 1217 ad
1678 1188 1797 1229 pretia,
1827 1191 1949 1228 quanta
1971 1188 2069 1219 fuerit

420 1239 604 1269 sinceritate
637 1239 800 1270 mundata.
848 1240 937 1280 origo
966 1239 1094 1280 quidem
1125 1239 1260 1273 nobilis,
1293 1238 1349 1269 sed
1381 1238 1419 1269 de
1451 1238 1580 1269 flamma
1613 1239 1748 1280 suscipit
1776 1240 1838 1269 vim
1871 1240 2000 1274 coloris.
2033 1243 2068 1270 ut

420 1291 523 1331 magis
559 1291 672 1321 credas
708 1291 781 1321 iude
817 1292 920 1325 nasei,
959 1292 1049 1322 euius
1081 1290 1293 1321 similitudine
1325 1290 1452 1321 videtur
1483 1291 1598 1320 ornari.
1650 1290 1705 1321 sed
1737 1301 1809 1321 cum
1841 1302 1918 1321 auro
1950 1291 2069 1322 tribuat

422 1343 626 1383 splendidum
658 1343 823 1378 ruborem,
859 1347 992 1383 argento
1025 1343 1149 1373 confert
1180 1342 1380 1373 albissimam
1411 1343 1533 1374 lucem.
1569 1346 1604 1372 ut
1639 1343 1753 1372 mirum
1790 1343 1830 1373 sit
1864 1353 1960 1373 unam
1992 1343 2068 1373 sub-

422 1395 573 1425 stantiam
603 1394 744 1431 tradere„
776 1394 859 1435 quod
888 1395 984 1425 rebus
1015 1394 1225 1425 dissimilibus
1255 1394 1356 1435 possit
1386 1394 1500 1435 aptari.
1557 1393 1690 1434 proinde
1722 1395 1872 1435 quicquid
1904 1395 1943 1425 ad
1974 1405 2067 1425 exer-

422 1445 557 1476 cendam
588 1446 682 1476 huius
715 1447 790 1476 artis
822 1447 970 1487 peritiam
1002 1447 1166 1487 pertinere
1199 1446 1407 1487 cognoscitis,
1444 1445 1601 1476 ordinatio
1633 1450 1740 1476 vestra
1774 1447 1936 1488 perficiat.
1972 1450 2007 1477 ut
2037 1450 2070 1477 et

380 1505 403 1521 ·-'·'›
425 1502 511 1527 terra
540 1498 739 1528 Bruttiorum
771 1509 810 1528 ex
844 1509 878 1528 se
907 1499 1061 1528 tributum
1093 1497 1175 1539 quod
1205 1498 1282 1528 dare
1315 1498 1416 1539 possit
1447 1497 1603 1531 inveniat‚
1636 1508 1717 1538 quae
1747 1498 1904 1528 fructibus
1937 1498 2070 1539 copiosa

381 1763 404 1780 :to

421 1549 573 1579 luxuriat.
620 1549 712 1579 deeet
742 1550 826 1579 enim
856 1553 890 1580 ut
920 1550 1004 1580 inter
1032 1553 1122 1580 tanta
1153 1550 1238 1580 bona
1267 1560 1325 1579 nee
1354 1549 1409 1579 illa
1440 1548 1546 1579 desint
1576 1559 1657 1590 quae
1687 1553 1841 1590 putantur
1873 1560 1945 1580 esse
1976 1560 2070 1591 prae-

423 1601 527 1642 cipua.
574 1611 629 1631 cur
659 1601 742 1631 enim
773 1601 878 1632 iaceat
908 1601 975 1631 sinc
1005 1611 1080 1634 usu,
1113 1601 1196 1642 quod
1227 1601 1396 1631 honestum
1423 1604 1529 1641 potest
1554 1611 1627 1631 esse
1652 1601 1899 1642 compendium?
1946 1601 2070 1632 Aurum

423 1653 448 1682 si
473 1652 602 1693 quidem
627 1663 684 1693 per
708 1652 793 1683 bella
817 1663 972 1693 quaerere
997 1652 1086 1683 nefas
1110 1656 1168 1685 est.
1194 1663 1251 1694 per
1267 1653 1368 1682 maria
1385 1652 1573 1693 perieulum,
1598 1663 1655 1693 per
1671 1653 1829 1683 falsitates
1855 1653 2071 1694 opprobrium,

422 1704 453 1734 iu
477 1714 535 1734 sua
560 1714 634 1734 vero
659 1708 773 1734 natura
797 1705 929 1735 iustitia.
977 1705 1114 1735 honesta
1139 1708 1213 1734 suut
1239 1705 1329 1734 luera
1353 1715 1411 1745 per
1436 1714 1518 1744 quae
1548 1714 1640 1733 nemo
1670 1704 1811 1734 laeditur
1842 1708 1874 1735 et
1901 1704 1983 1735 bene
2015 1704 2071 1735 ad-

425 1756 561 1796 quiritur
585 1755 668 1796 quod
694 1767 712 1785 a
737 1757 833 1786 nullis
858 1756 962 1786 adhuc
987 1755 1122 1786 dominis
1148 1755 1332 1796 abrogatur.
1379 1765 1497 1796 grypes
1523 1766 1635 1785 aurum
1665 1756 1784 1796 iugiter
1814 1757 1966 1797 leguntur
1993 1756 2071 1786 effo-

424 1807 499 1837 dere
528 1811 624 1847 atque
654 1807 747 1837 huius
777 1808 899 1838 metalli
928 1808 1130 1849 inspectione
1156 1806 1312 1847 gaudere:
1344 1806 1458 1847 quibus
1484 1807 1632 1847 quoniam
1658 1818 1721 1837 non
1746 1812 1795 1838 est
1819 1808 1958 1838 ambitus
1982 1807 2071 1840 lucri,

425 1858 611 1899 cupiditatis
637 1859 767 1889 erimine
794 1869 854 1888 non
881 1859 1031 1889 dicuntur
1054 1859 1202 1893 accendi,
1236 1858 1374 1889 seilicet.
1406 1858 1479 1899 quia
1504 1859 1607 1888 omnis
1632 1862 1721 1889 aetus
1752 1859 1783 1889 in
1813 1859 1968 1901 qualitate
1998 1870 2071 1900 pro-

426 1910 521 1951 positi
551 1915 600 1940 est
630 1914 661 1940 et
690 1921 752 1940 nou
782 1914 830 1940 est
859 1910 1106 1951 vituperandum
1137 1910 1223 1951 quod
1252 1910 1341 1940 nulla
1371 1910 1467 1940 fuerit
1496 1910 1660 1941 voluntate
1690 1911 1857 1942 lascivum.
1904 1912 1966 1941 sint
1996 1921 2072 1951 ergo

425 1961 538 1992 sedula
573 1962 760 2002 operatione
795 1963 936 1992 continui
972 1966 1142 2003 quaestus,
1177 1961 1330 1992 invidiam
1368 1972 1431 1992 nou
1468 1966 1660 2003 pavescant:
1698 1963 1781 2004 quod
1812 1974 1863 1993 ars
1896 1963 2024 2001 dieitur,
2056 1974 2074 1993 a

384 2020 407 2037 ³²³·
429 2014 561 2043 crimine
585 2013 752 2044 liberatur.

530 2107 802 2139 BZNKEOEstIfflJ)

532 2176 542 2200 1
564 2181 712 2208 expectatur
731 2176 838 2200 Ila-”mlv
915 2178 980 2201 ruris
1001 2177 1023 2200 A
1095 2178 1185 2202 nostris
1204 2178 1228 2201 B
1298 2179 1453 2202 rusticanam
1474 2178 1563 2202 ῘῙῌῙν
1667 2178 1683 2202 ‘2
1702 2179 1853 2204 bruttiorum
1873 2179 1908 2203 sic
1929 2178 1950 2202 B
2020 2187 2074 2210 pro-

427 2220 539 2243 uinciam
554 2219 585 2242 H
632 2221 765 2244 curtari-*nu
783 2220 802 2247 I,
823 2224 949 2244 eartunaui
966 2220 1000 2245 ΙῙ.
1019 2225 1100 2244 cartas
1114 2221 1135 2244 G
1224 2220 1239 2245 3
1258 2221 1310 2244 liar.
1331 2230 1377 2245 rer.
1397 2226 1442 2245 art.
1458 2222 1486 2245 F
1535 2222 1648 2245 thedor-io
1661 2222 1692 2247 G.
1710 2222 1801 2246 theodo
1816 2222 1847 2245 II
1901 2223 2036 2246 moderatis
2052 2222 2072 2245 .-{

427 2261 443 2285 4
461 2266 499 2286 est
517 2271 564 2285 om.
579 2263 601 2285 ⁴1
673 2263 787 2287 sollerter
806 2263 910 2289 XJIGI,
934 2268 996 2287 recle
1012 2268 1073 2295 putu
1179 2264 1194 2288 5
1213 2268 1265 2288 nat.
1285 2264 1403 2296 locuplex
1426 2264 1484 2295 RE,
1509 2265 1580 2289 diues
1599 2265 1674 2295 (diuis
1689 2265 1759 2289 HssG
1768 2265 1790 2295 a)
1810 2269 1860 2289 nat.
1881 2265 1954 2289 HGI
2020 2273 2074 2297 per-

428 2306 542 2336 quiratur
556 2305 583 2329 F
650 2304 765 2337 cameris]
785 2307 902 2330 cauernis
914 2307 936 2330 A
1038 2307 1053 2331 6
1073 2306 1204 2339 reuolutis]
1224 2307 1340 2332 renducis
1354 2307 1397 2331 Ει
1462 2308 1607 2332 fodiderunt
1622 2308 1674 2337 Ill,
1693 2309 1819 2332 fodidiunt
1833 2308 1876 2331 Η2
1978 2307 1991 2332 7
2011 2317 2074 2339 quae

428 2348 463 2371 ad
481 2349 599 2379 relinquit
621 2358 666 2372 nm.
683 2348 753 2372 HG²
857 2350 873 2371 S
893 2350 1022 2381 ealigenes
1042 2350 1084 2373 152
1155 2351 1271 2382 supernis
1292 2351 1314 2374 A
1420 2351 1435 2374 a
1455 2352 1569 2375 exultant
1590 2351 1639 2377 ΚῙ.
1658 2352 1759 2375 exalant
1774 2351 1820 2374 Ha
1891 2350 1960 2382 duni]
1980 2360 2037 2375 cum
2052 2351 2078 2375 E

430 2390 462 2414 10
480 2391 510 2414 al.
531 2391 563 2414 ill,
581 2392 603 2414 ⁴l
659 2392 699 2415 uia
719 2400 766 2415 sua
785 2393 856 2415 ruina
873 2392 945 2416 IIGI
1030 2393 1058 2417 11
1079 2394 1200 2425 operiosis
1214 2393 1240 2417 E
1292 2395 1400 2417 efferunt
1414 2393 1443 2417 X
1528 2394 1559 2418 12
1579 2393 1702 2426 opulenti]
1723 2395 1860 2426 locupletes
1875 2394 1948 2418 HGI
2001 2392 2074 2425 thes]

429 2433 491 2456 tin-s⁴
512 2434 564 2457 suis
578 2433 652 2457 Has
738 2433 769 2458 1ἲῖ
789 2435 832 2458 ull.
852 2436 1036 2460 nundinatione
1055 2437 1152 2466 (muudi
1172 2440 1223 2460 nat.
1236 2436 1286 2469 H)]
1307 2437 1384 2461 nuud.
1405 2437 1448 2461 ull.
1464 2436 1492 2460 N
1577 2436 1608 2461 14
1627 2438 1683 2461 luce
1698 2437 1741 2460 II¹
1796 2437 1952 2462 [11011111111ι
2006 2439 2075 2462 resti-

430 2480 484 2500 tuta
504 2477 527 2499 l:
598 2476 705 2509 minuta]
727 2478 827 2501 inimica
847 2478 919 2502 HG]
1023 2479 1054 2503 Is)
1072 2480 1201 2511 genetrice
1215 2480 1238 2503 B
1256 2480 1325 2504 sulus
1395 2479 1470 2512 terra]
1491 2488 1538 2504 sua
1553 2479 1599 2503 HI
1702 2480 1733 2504 111
1752 2481 1917 2512 ‹lequoquuut
1936 2480 1968 2511 B,
1988 2489 2076 2512 requo-

429 2524 512 2550 quunt
526 2519 560 2547 Il.
580 2524 702 2551 recoquut
717 2520 759 2544 (il
819 2522 951 2546 saluautur
965 2522 1007 2545 Ba
1078 2523 1146 2547 riuos
1165 2532 1265 2554 quoque
1282 2524 1302 2546 A
1404 2522 1433 2547 17
1453 2524 1576 2555 prodeant
1590 2523 1633 2546 Na
1692 2524 1778 2548 uic-era
1794 2524 1821 2547 ,V
1907 2523 1937 2547 18
1955 2532 2077 2556 eupareu-

430 2562 524 2586 11111ἰι
596 2563 711 2594 pulchior
724 2563 748 2586 B
855 2564 884 2588 15»
903 2569 939 2588 est
959 2574 1005 2588 um.
1021 2565 1093 2589 IIGI
1161 2567 1249 2590 asserit
1264 2566 1382 2595 J<¹J{11¹1‚
1401 2567 1523 2590 exarserit
1537 2566 1623 2590 E²FI
1690 2566 1759 2599 dum]
1780 2575 1836 2591 cum
1853 2566 1909 2590 BH
1970 2566 2076 2599 quauta]

430 2614 494 2636 quae
518 2610 590 2629 tanta
610 2606 658 2635 J2'2,
685 2611 807 2637 quantum
828 2606 876 2635 1³²,
901 2611 1007 2631 *utum
1028 2608 1068 2631 Ι1η
1186 2608 1219 2632 21)
1242 2610 1342 2641 quidem
1367 2618 1414 2633 mn.
1430 2609 1503 2633 Ho'l
1586 2610 1676 2634 caloris
1696 2609 1765 2633 Jx'Ga
1887 2608 1920 2634 23
1942 2610 2077 2634 dissimilli-

431 2649 477 2671 mis
498 2648 560 2671 Illr
644 2650 811 2673 exercendum
831 2649 872 2672 1:³¹
986 2649 1019 2674 24
1038 2650 1070 2682 et]
1095 2656 1131 2675 est
1152 2651 1186 2677 II.
1211 2660 1223 2675 e
1245 2652 1266 2678 I.
1290 2661 1337 2676 0111.
1354 2653 1375 2675 (ι’
1490 2651 1523 2676 *25
1542 2651 1704 2684 bruttiorum]
1723 2652 1778 2678 ΒΖ,
1806 2653 1947 2676 brutiorum
1963 2653 2077 2684 plerique

483 2692 577 2723 possint
607 2692 740 2716 inueniant
760 2692 804 2715 ΙΙΙ
939 2692 971 2717 213
995 2703 1029 2725 pr.
1054 2703 1100 2718 ess.
1122 2695 1148 2718 E
1280 2695 1312 2719 27
1340 2695 1398 2727 usu]
1429 2696 1500 2720 cultu
1520 2696 1590 2720 JIGI
1725 2695 1757 2720 ‘2⁸
1780 2695 1910 2728 quaerere]
1940 2705 2016 2728 quere
2036 2696 2076 2720 B¹

430 2733 462 2757 29
483 2733 537 2766 sua]
562 2736 601 2759 sui
621 2735 648 2758 F
739 2734 807 2766 suni]
838 2744 896 2759 uero
916 2741 976 2760 sunt
994 2737 1058 2765 RF,
1088 2742 1147 2761 suut
1171 2746 1230 2761 uero
1253 2738 1276 2761 E
1404 2737 1438 2762 :30
1456 2739 1593 2771 adrogatur
1613 2739 1645 2762 II
1735 2740 1818 2771 gripes
1838 2739 1873 2766 Β,
1897 2740 1999 2771 griphes
2019 2739 2078 2765 NG.

431 2778 508 2808 grises
530 2777 601 2803 leFI,
625 2778 715 2809 gripho
736 2778 764 2801 Il
866 2778 899 2802 32
918 2778 1008 2811 omnis]
1029 2781 1169 2804 communis
1190 2781 1264 2804 Hal
1365 2780 1398 2805 33
1417 2782 1551 2806 lasciuium
1570 2782 1594 2805 I:
1664 2786 1723 2806 sunt
1743 2782 1831 2805 ΙΙΗῙγ
1935 2781 1968 2806 34
1988 2783 2076 2806 sedula

433 2830 479 2843 mn.
496 2819 536 2842 ll*
610 2826 729 2852 pauescat
752 2821 806 2846 ΖΝ.
831 2830 952 2853 pauescas
975 2822 1097 2846 Ju'lv’llrr'l
1199 2823 1231 2847 :33
1251 2824 1389 2847 liberantur
1410 2824 1436 2847 ll
