2279 3261
938 164 1164 191 PROOEMIVM.
1837 162 1873 188 XI

324 264 442 296 Consul
468 262 643 294 ordinarius
667 262 800 293 Senator
823 262 922 292 sactus
946 265 993 292 est
1016 272 1042 292 a.
1066 262 1137 293 514.
1195 260 1279 302 quod
1308 260 1339 291 in
1364 259 1515 291 aneedoto
1539 259 1652 300 legitur
1675 259 1873 300 patriciatum

221 338 290 358 eum
315 325 488 357 obtinuisse
518 328 573 356 aut
595 327 665 354 ante
688 322 884 353 consulatum
912 326 967 353 aut·
993 322 1084 353 simul
1114 333 1185 352 011111
1208 332 1244 352 eo
1256 322 1290 360 ¹),
1319 324 1422 363 potest
1445 320 1475 351 in
1504 319 1633 351 dubium
1658 320 1779 357 vocari,
1814 331 1873 349 non

221 391 283 419 tam
307 385 391 429 quod
415 385 536 416 culmen
561 383 638 415 illud
662 383 813 415 honorum
844 395 953 426 parum
978 383 1121 415 convenit
1150 383 1267 414 homini
1291 383 1407 425 primos
1431 381 1735 413 administrati(mum
1759 380 1874 422 gradus

222 459 282 478 nou
305 457 514 489 supergress0‚
537 444 591 476 sed
607 445 690 487 quod
715 445 746 476 iu
764 445 918 476 variarum
936 456 1027 487 opere
1043 455 1196 486 nusquam
1220 455 1258 474 ne
1281 443 1311 474 in
1336 442 1590 484 inscriptionibus
1614 441 1738 484 quidem
1760 442 1876 483 epistu-

219 509 318 540 larum
353 507 392 538 ad
427 506 606 537 Senatorem
640 506 687 537 vel
722 517 740 536 a
774 506 922 537 senatore
953 506 1094 537 datamun
1128 505 1309 548 patriciatus
1346 504 1460 535 mentio
1495 505 1541 541 tit,
1579 515 1649 533 eum
1686 502 1712 533 is
1745 502 1773 532 in
1806 502 1874 532 aliis

220 568 398 600 hominibus
415 577 635 609 saepenumero
659 566 702 597 ita
722 567 906 598 enuntietur.
941 567 1007 598 eius
1031 567 1157 597 honoris
1181 577 1250 596 cum
1276 569 1396 607 praeter
1419 563 1590 595 aneedoton
1616 563 1700 594 solus
1720 563 1873 594 variarum

221 628 315 660 index
338 628 524 659 mentionem
548 627 650 665 faciat,
674 627 776 669 possis
800 628 939 658 conicere
963 627 1126 670 patricium
1151 638 1220 657 eum
1238 626 1353 657 factum
1370 637 1437 656 esse
1457 625 1516 656 sub
1540 626 1630 656 tinem
1655 624 1874 666 praefecturae.

325 688 480 719 Chronica
502 687 619 729 publici
643 687 719 718 iuris
742 687 815 718 fecit
838 699 864 719 a.
888 689 959 720 519.

324 749 476 791 Magister
499 748 671 779 officiorum
695 747 865 779 seeundum
883 747 1032 779 disertum
1058 748 1156 790 ipsius
1181 746 1393 778 testimonium
1417 750 1482 776 tum
1506 745 1566 776 fuit
1589 756 1657 775 cum
1681 744 1759 775 obiit
1774 744 1876 774 Theo-

220 810 341 841 dericus
370 820 424 840 rex
456 821 482 840 a..
504 810 566 841 526
595 808 645 839 die
669 809 750 849 Aug.
774 810 814 840 30
844 809 1019 850 mansitque
1042 808 1101 839 sub
1126 807 1315 838 Athalarieo.
1360 806 1496 837 osticium
1520 805 1645 848 quamlo
1669 810 1699 836 et
1722 805 1825 836 inierit
1847 810 1873 834 et

219 870 412 913 deposuerit,
442 870 636 912 aliquatenus
665 868 736 900 iude
766 868 1002 907 determinatur,
1026 868 1124 911 quod,
1148 873 1183 899 ut
1205 880 1277 899 mox
1303 867 1488 903 videbimus,
1511 879 1547 897 eo
1569 867 1700 907 fungens
1725 866 1874 908 epistulas

219 931 306 962 dedit
333 936 364 962 et
393 931 464 962 libri
492 931 591 973 quinti
625 930 757 972 scriptas
789 930 913 961 nomine
936 929 1120 961 Theoderici
1150 934 1181 960 et
1211 929 1282 960 libri
1310 928 1412 960 octavi
1443 933 1473 959 et
1502 939 1539 958 ex
1570 932 1656 969 parte
1679 927 1752 957 noni
1777 926 1876 957 Atha-

220 992 392 1024 larieiauas.
437 991 587 1033 epistulas
611 1002 663 1022 eas
687 990 767 1022 infra
790 990 966 1022 videbimus
991 989 1210 1033 comprehendi
1235 989 1314 1020 inter
1336 1000 1434 1020 annos
1458 990 1521 1021 523
1544 992 1573 1019 et
1598 989 1669 1020 527.

322 1052 482 1084 Historiae
510 1051 663 1083 Gothicae
691 1051 787 1083 libros
811 1051 884 1082 XII
912 1063 930 1082 a
959 1051 1149 1083 Cassiodoro
1178 1050 1278 1082 editos
1308 1050 1405 1082 videri
1435 1050 1514 1081 inter
1543 1061 1569 1080 a.
1594 1050 1666 1086 526,
1689 1059 1750 1090 quo
1774 1047 1875 1078 Theo-

217 1113 339 1145 dericus
363 1113 449 1152 obiit,
471 1117 501 1144 et
518 1114 589 1150 533,
612 1124 674 1154 quo
697 1123 801 1143 eorum
824 1112 965 1143 meminit
984 1113 1015 1143 111
1033 1112 1137 1150 variis,
1161 1111 1201 1143 ad
1217 1110 1384 1142 Iordanem
1393 1110 1416 1150 2)
1440 1109 1572 1141 ostendi.
1610 1120 1716 1140 eorum
1740 1108 1875 1150 epitome

218 1178 303 1205 extat
325 1174 502 1216 conscripta
524 1185 542 1204 a
564 1172 698 1204 Iordane
721 1184 748 1204 a.
771 1174 831 1205 551
858 1173 1023 1214 superstite
1047 1172 1248 1203 Cassiodoro.

320 1233 501 1264 Praefectus
524 1233 679 1275 praetorio
703 1236 822 1263 creatus
846 1236 893 1263 est.
915 1232 955 1263 ab
978 1231 1220 1263 Amalasuintha
1248 1236 1393 1274 regnante
1423 1231 1547 1262 nomine
1575 1235 1664 1261 tenus
1688 1229 1751 1260 filio
1776 1228 1875 1259 Atha-

218 1294 312 1325 larico
336 1305 362 1325 a.
385 1295 448 1326 533
471 1293 646 1335 mansitque
668 1304 737 1324 cum
762 1292 821 1324 sub
844 1291 1079 1331 Tlmodahatho,
1103 1293 1155 1334 qui
1179 1304 1205 1324 a.
1222 1294 1284 1325 5:34
1308 1292 1489 1323 Athalarieo
1513 1290 1671 1329 suecessit,
1694 1295 1760 1320 tum
1785 1300 1874 1319 caeso

217 1366 254 1386 eo
277 1359 427 1386 autumno
451 1366 477 1386 a.
501 1356 562 1387 536
587 1354 646 1385 sub
670 1353 711 1385 W
713 1354 796 1395 itige,
820 1365 882 1395 11110
905 1358 1053 1395 regnante
1076 1353 1174 1384 edidit
1196 1354 1352 1385 variarum
1377 1352 1516 1395 syllogen
1541 1354 1673 1382 exeunte
1696 1361 1721 1381 3.
1746 1351 1817 1382 5:37.

323 1415 454 1446 Librum
484 1414 522 1446 de
552 1415 668 1453 anima,
699 1426 790 1456 quem
821 1414 946 1445 tertium
970 1414 1125 1445 decimum
1150 1415 1244 1446 variis
1268 1413 1405 1452 addidit,
1433 1413 1513 1444 infra
1537 1411 1735 1443 ostendemus
1759 1409 1798 1441 ad
1822 1420 1873 1440 eas

217 1475 359 1507 additum
382 1486 450 1507 esse
472 1479 546 1518 post
568 1479 695 1517 captum
718 1475 868 1517 witigem
892 1486 918 1506 a.
942 1476 1013 1507 540.

319 1536 480 1567 Posterior
510 1536 582 1567 item
612 1535 708 1567 variis
739 1540 785 1567 est
813 1535 936 1567 libellus
965 1535 1003 1567 de
1031 1535 1139 1567 ordine
1162 1535 1283 1577 generis
1307 1534 1583 1571 Cassiodororum,
1614 1533 1729 1575 quippe
1756 1532 1788 1563 111
1812 1542 1873 1573 11110

218 1597 323 1629 variae
346 1601 626 1628 commemorentur
634 1609 642 1635 ;
672 1608 770 1639 neque
798 1597 880 1628 enim
904 1596 1063 1628 adsentior
1086 1596 1227 1628 Usenero
1251 1596 1389 1627 libellum
1414 1594 1606 1626 adiudieanti
1635 1605 1661 1624 3.
1685 1594 1756 1625 5213.
1801 1602 1872 1622 nam

216 1658 404 1700 principium
432 1657 585 1700 epitomae
609 1657 822 1700 perturbatum
852 1662 953 1688 totum
981 1662 1013 1688 et
1039 1657 1222 1689 breviatoris
1254 1657 1354 1698 magis
1383 1667 1476 1698 quam
1505 1654 1640 1686 auctoris
1674 1652 1758 1695 quod
1786 1663 1873 1694 prae-

216 1719 366 1750 fecturam
389 1730 451 1750 non
475 1719 579 1757 habet,
607 1730 803 1761 nequaquam
832 1718 970 1749 ostendit
1002 1718 1140 1749 libellum
1169 1722 1239 1749 ante
1267 1721 1444 1758 susceptam
1471 1727 1538 1746 eam
1562 1715 1713 1756 scriptum
1736 1724 1816 1744 esse:
1842 1712 1872 1743 in

217 1779 416 1822 sequentibus
441 1784 543 1810 autem
568 1779 643 1810 mihi
667 1779 797 1811 dubium
821 1790 881 1810 11011
907 1783 954 1810 est
978 1779 1164 1810 mentionem
1188 1778 1254 1809 eius
1270 1778 1365 1809 latere
1388 1777 1419 1807 iu
1443 1780 1589 1818 corrupto
1606 1774 1760 1806 vocabulo
1776 1783 1873 1813 prae-

215 1839 328 1879 fhtisset
350 1844 381 1871 et
403 1839 622 1871 abstinendum
640 1851 707 1871 esse
731 1852 748 1871 a
765 1840 902 1871 violento
926 1839 1070 1878 remedio,
1095 1850 1156 1881 quo
1174 1850 1248 1869 usus
1265 1843 1312 1869 est
1328 1838 1487 1869 Usenerus
1504 1836 1616 1875 locum,
1639 1846 1700 1877 quo
1724 1838 1874 1865 tractatur

216 1900 255 1931 de
278 1901 386 1939 variis,
415 1901 584 1932 insiticium
608 1912 675 1932 esse
699 1905 806 1931 totum.
852 1900 984 1942 denique
1008 1900 1193 1941 Cethegum,
1221 1899 1260 1930 ad
1289 1910 1380 1941 quem
1409 1898 1486 1929 liber
1514 1897 1648 1927 directus
1672 1900 1726 1933 est,
1751 1898 1870 1925 constat

216 1960 374 1993 advixisse
397 1961 437 1992 ad
460 1973 486 1993 a.
511 1962 572 1994 546
596 1966 625 1992 et
649 1961 737 1992 ultra.

319 2022 433 2054 Libros
457 2033 534 2064 quos
559 2021 658 2053 edidit
674 2021 883 2053 Cassiodorus
900 2021 1073 2063 argumenti
1096 2020 1297 2052 ecelesiastici
1322 2024 1376 2050 aut
1399 2023 1479 2050 certe
1495 2018 1666 2049 destinatos
1687 2015 1873 2047 eeclesiasti-

216 2083 260 2114 eis
284 2083 460 2114 erudiendis
484 2083 551 2125 ipse
574 2087 733 2114 enumerat
757 2083 787 2113 in
811 2082 941 2113 exordio
958 2082 1207 2124 orthographiae,
1231 2082 1262 2112 in
1286 2092 1346 2123 11113
1370 2079 1600 2111 enumeratione
1624 2088 1702 2119 quae
1718 2087 1873 2107 commen-

215 2144 310 2175 tarios
334 2144 366 2175 iu
390 2144 526 2186 psalmos
549 2144 780 2186 subsequuntur
795 2143 1007 2175 institutiones
1031 2143 1210 2175 divinarum
1234 2148 1263 2174 et
1287 2143 1492 2173 humanarum
1516 2141 1694 2177 lectionum,
1717 2151 1753 2170 ea
1775 2138 1871 2169 edidit

215 2204 273 2235 sub
307 2215 390 2246 papa
418 2203 541 2245 vigilio
576 2204 655 2235 inter
687 2215 713 2235 a.
739 2205 801 2236 543
831 2209 862 2235 et
894 2204 997 2242 555³).
1050 2203 1090 2235 ad
1127 2203 1380 2246 orthographiam
1416 2200 1643 2233 discutiendam
1679 2199 1793 2231 ibidem
1829 2198 1873 2230 ait

214 2265 392 2307 pervenisse
416 2276 448 2296 se
471 2276 553 2296 anno
576 2265 686 2296 aetatis
710 2265 911 2306 nonagesimo
939 2266 1038 2297 tertio.
1086 2276 1143 2296 nos
1171 2265 1246 2296 haee
1277 2264 1404 2295 ulterius
1434 2274 1496 2293 non
1526 2260 1753 2304 persequimur:
1785 2257 1871 2289 vides

215 2328 372 2355 auctorem
398 2324 505 2356 relicto
534 2324 658 2356 saeculo
682 2323 721 2355 ad
743 2325 903 2356 ecclesiam
928 2337 961 2356 se
985 2325 1153 2357 contulisse
1176 2329 1247 2356 ante
1270 2336 1296 2355 a.
1313 2326 1375 2357 555
1399 2327 1438 2361 et,
1464 2323 1491 2353 si
1514 2326 1594 2352 recte
1617 2320 1777 2363 posuimus
1801 2330 1870 2349 eum

216 2389 321 2416 natum
346 2396 414 2416 esse
437 2397 463 2416 a.
486 2387 558 2424 490,
582 2385 741 2417 advixisse
765 2385 804 2416 ad
829 2397 854 2416 3.
877 2396 903 2416 e.
929 2386 1000 2417 583.

322 2445 372 2477 De
395 2446 487 2477 titulo
511 2446 667 2477 variarum
695 2450 725 2477 et
754 2445 792 2476 de
820 2457 948 2477 numero
975 2445 1125 2477 librorum
1155 2456 1225 2476 eum
1249 2445 1315 2487 ipse
1338 2448 1447 2475 auctor
1470 2442 1576 2473 multis
1599 2441 1703 2472 verbis
1728 2441 1759 2471 in
1784 2451 1871 2482 prae-

214 2505 383 2537 fationibus
414 2506 545 2537 disserat
575 2512 603 2537 et
632 2507 704 2537 libri
735 2507 765 2537 in
791 2518 911 2538 summa
935 2518 967 2537 re
990 2517 1059 2537 cum
1084 2506 1132 2536 his
1156 2505 1348 2547 conspirent,
1378 2515 1440 2535 non
1470 2514 1548 2545 opus
1578 2506 1626 2532 est
1654 2500 1795 2543 pluribus
1819 2512 1871 2531 ex-

321 2601 346 2633 1)
367 2601 409 2626 Ea:
426 2602 539 2633 patricio
563 2603 630 2634 quod
658 2603 751 2627 ibidem
779 2603 805 2627 in
829 2603 882 2635 ipso
907 2603 1030 2635 principio
1053 2602 1209 2634 appellatur,
1238 2610 1288 2625 non
1314 2604 1380 2626 reete
1404 2603 1570 2632 componetur
1594 2606 1653 2622 cum
1675 2596 1812 2626 similibus,
1841 2596 1870 2619 (10

214 2645 308 2676 quibus
322 2645 363 2678 egi
371 2645 555 2670 Neaes.4‹1·clziv
569 2647 636 2677 XIV,
648 2645 706 2678 484,
722 2647 766 2671 sed
779 2650 862 2670 ortum
876 2650 914 2670 est
926 2646 1029 2670 omnino
1042 2654 1073 2669 ex
1086 2645 1277 2678 perturbatione
1290 2645 1338 2669 hoe
1351 2644 1405 2668 loco
1419 2644 1445 2667 111
1459 2642 1581 2667 aue-:doto
1594 2641 1678 2665 obvia.
1749 2639 1775 2664 2]
1790 2640 1870 2663 I’raef.

214 2688 245 2712 ad
258 2688 390 2713 Iordanem
410 2697 433 2721 p.
448 2689 513 2712 XLI.
620 2688 646 2719 3)
667 2690 729 2713 Inst.
743 2689 794 2713 div.
809 2689 857 2713 litt.
870 2697 890 2713 e.
906 2688 933 2713 l:
953 2689 1019 2712 hunc
1039 2688 1197 2720 tOrigeneml
1217 2688 1274 2712 licet
1292 2692 1325 2711 tet
1340 2692 1445 2718 patrum
1468 2687 1594 2717 implqflwt
1613 2683 1770 2709 ‹namt-ilum*
1792 2691 1869 2713 l'¹'‘¹'¹·

212 2731 276 2756 senti
299 2736 380 2756 tamen
406 2736 515 2763 tempore
534 2736 557 2756 et
578 2741 594 2755 11
621 2732 709 2764 Vz'gyile‘o
726 2740 802 2763 papa
826 2732 879 2757 rire
902 2732 1043 2756 beatissimo
1067 2732 1150 2757 denuo
1175 2736 1273 2756 cunstat
1297 2739 1348 2755 esse
1373 2730 1532 2755 damnntmn.
1574 2727 1704 2752 danmavit
1731 2726 1866 2757 Origenem

213 2775 317 2800 iubente
335 2776 477 2800 Iustiniano
496 2775 609 2807 synodus
628 2775 850 2808 Constantinopoli
869 2776 956 2800 habita
975 2776 1087 2808 praeside
1105 2777 1182 2800 Meua
1202 2784 1253 2800 non
1276 2779 1334 2800 ante
1347 2783 1369 2800 a.
1387 2773 1437 2799 543
1458 2772 1554 2804 (Mansi
1574 2771 1631 2795 coll.
1652 2769 1740 2794 concil.
1761 2769 1812 2792 vol.
1833 2769 1867 2792 IX

212 2827 234 2851 p.
249 2816 311 2847 1243
332 2819 420 2843 Hefele
441 2818 707 2850 00›zcilicnqeschichce
726 2817 760 2842 2²
780 2827 803 2851 p.
827 2817 896 2849 789).

1678 2858 1716 2884 b*⁴
