2279 3261
387 1652 405 1673 ·)

395 2099 403 2127 l

424 890 447 907 10

469 190 525 217 160
1183 182 1393 208 CASSIODORI

467 274 498 303 in
523 272 642 303 iudicio
668 282 765 312 supra
790 269 956 300 memorati
981 268 1143 309 quondam
1167 268 1291 299 Pitziae
1316 280 1351 299 se
1375 269 1525 310 probavit
1555 269 1747 309 ingenuunh
1778 268 2012 300 calumniantes
2040 279 2112 310 pro-

467 325 552 355 tinus
576 326 738 353 amovete:
771 332 830 352 1100
856 321 998 351 audeant
1021 320 1157 350 ulterius
1188 320 1437 351 necessitatibus
1468 320 1583 350 alienis
1614 319 1765 358 illudere,
1795 330 1874 361 quos
1906 320 2008 351 semel
2038 330 2113 350 con-

468 376 570 406 victos
595 374 748 405 decuerat
771 383 829 403 sua
852 375 927 403 vota
951 372 1114 403 damnare.

1237 481 1345 512 XXX.

956 550 1131 582 GUDUIN
1154 544 1199 582 v·
1215 543 1254 581 5·
1281 549 1600 581 THEODERIOUS
1625 549 1726 581 REX.
1932 578 1961 598 a·
1979 568 2115 608 523f520.

567 622 655 657 Quos
680 622 779 653 duces
805 621 962 662 eligimus,
994 620 1038 651 eis
1063 620 1159 650 simul
1184 622 1215 650 et
1239 619 1415 661 aequitatis
1440 622 1606 650 momenta
1630 619 1698 650 iure
1723 619 1924 661 delegamus,
1953 620 2027 661 quia
2051 630 2115 651 11011

464 678 587 706 tantum
614 675 712 705 armis
738 677 894 716 quantum
918 672 1046 703 iudiciis
1072 682 1129 702 vos
1154 671 1237 702 effici
1262 671 1410 712 cupimus
1433 671 1598 702 clariores.
1638 670 1776 702 Costula
1793 671 1892 712 igitur
1909 673 2005 712 atque
2021 670 2118 702 Daila

465 737 537 757 cum
561 725 622 757 deo
646 726 786 768 propitio
812 725 993 757 Gothorum
1017 726 1199 755 nostrorum
1225 723 1374 754 libertate
1403 723 1576 761 laetentur,
1607 733 1706 754 onera
1736 723 1797 754 sibi
1825 723 1957 754 servilia
1982 734 2001 754 a
2023 723 2115 754 vobis

468 781 642 810 causantur
670 778 809 819 iniungi„
841 788 924 819 quae
955 787 1013 807 nec
1043 776 1133 817 ipsos
1164 775 1280 806 deceat
1304 774 1432 816 perpeti
1456 785 1515 806 nec
1541 774 1690 815 cuiquam
1715 774 1980 806 irrationabiliter
2003 775 2052 806 fas
2078 775 2118 806 sit

466 830 594 872 imponi.
640 830 726 871 quod
755 830 782 860 si
809 829 854 860 ita
883 831 1012 870 gestum
1042 838 1113 858 esse
1140 826 1325 867 cognoscis,
1357 826 1425 857 sine
1450 826 1559 868 aliqua
1582 826 1738 857 dilatione
1763 826 1864 857 facias
1888 826 2048 865 amoveri,
2076 837 2116 858 ne

466 882 506 913 ad
530 892 589 912 nos
615 881 733 913 exinde
757 881 894 912 ulterius
919 880 1051 921 quercla
1075 881 1247 910 revocetur
1271 881 1303 909 et
1324 878 1458 919 incipiat
1478 878 1589 919 gravis
1607 888 1680 909 esse
1698 878 1803 909 animo
1822 881 1932 909 nostro
1951 877 1982 908 in
2001 878 2116 909 (lucem

466 933 612 964 revoluta
637 932 793 971 causatio,
818 942 913 973 quem
937 931 1040 972 magis
1065 933 1192 972 oportet
1215 930 1294 960 talia
1317 940 1487 971 peragere,
1513 940 1595 971 quae
1620 940 1679 960 nos
1704 930 1847 961 delectet
1871 929 1992 961 audire.

1230 1093 1356 1124 XXXI.

762 1163 1007 1194 DECORATO
1030 1162 1139 1194 VIRO
1164 1162 1348 1194 DEVOTO
1373 1161 1694 1194 THEODERIOUS
1719 1162 1820 1193 REX.

567 1234 709 1264 Thomas
727 1233 775 1263 vir
791 1233 992 1263 clarissimus
1010 1233 1095 1263 intra
1112 1232 1267 1274 Apuliam
1285 1233 1534 1274 Calabriamque
1553 1233 1735 1274 provincias
1760 1232 1799 1263 de
1826 1232 2000 1274 siliquatici
2025 1231 2117 1262 titulo

466 1286 676 1317 indictionum
702 1289 835 1316 octavae
861 1296 966 1316 nonae
990 1285 1183 1316 undecimae
1209 1286 1330 1326 primae
1357 1285 1520 1316 secundae
1553 1288 1585 1315 et
1615 1285 1748 1326 quintae
1778 1284 1938 1322 decimae,
1969 1294 2048 1323 quas
2078 1283 2118 1314 ad

1935 1190 1964 1210 (ι.
1983 1180 2118 1218 5231526

437 1346 446 1361 ⁷·
467 1338 712 1369 conductionem
738 1348 830 1368 suam
854 1337 1052 1379 pertinuisse
1071 1340 1318 1373 commemorat,
1342 1337 1514 1368 nonnullos
1532 1337 1707 1367 maximam
1724 1336 1883 1377 pecuniae
1903 1335 2118 1377 quantitatem

467 1389 587 1421 debere
618 1389 834 1430 conqueritur.
882 1392 914 1419 et
942 1389 1017 1429 quia
1045 1389 1223 1419 utilitatem
1252 1389 1415 1430 publicam
1445 1388 1597 1419 diuturna
1627 1399 1690 1419 non
1721 1388 1871 1419 convenit
1899 1386 2118 1418 ludificatione

467 1441 607 1479 differri,
647 1440 784 1481 ideoque
824 1440 952 1471 devotio
992 1444 1048 1471 tua
1086 1441 1274 1482 praesentia
1312 1440 1444 1472 decreta
1480 1441 1663 1482 suscipiens
1699 1440 1845 1471 Marcum
1881 1440 2119 1481 presbyterum⁷

468 1493 635 1524 Andream
661 1495 693 1523 et
718 1492 917 1523 Simeonium
947 1493 997 1523 vel
1027 1493 1185 1534 reliquos,
1218 1504 1295 1534 quos
1328 1493 1436 1524 brevis
1469 1493 1581 1524 subter
1612 1492 1759 1523 adnexus
1790 1491 1962 1533 eloquitur,
1994 1494 2123 1522 servata

469 1546 501 1576 in
526 1545 672 1576 omnibus
698 1544 852 1575 civilitate
879 1545 1060 1583 conveniat⁷
1084 1548 1129 1583 ut,
1155 1545 1181 1575 si
1207 1555 1261 1575 005
1286 1556 1350 1575 11011
1375 1555 1432 1586 per
1456 1545 1662 1581 calumniam„
1689 1543 1747 1575 sed
1773 1543 1963 1574 manifestos
1987 1553 2022 1574 re
2046 1553 2123 1574 vera

426 1605 450 1623 ‘20
469 1598 546 1628 fisco
579 1596 759 1627 constiterit
791 1607 865 1627 0550
896 1595 1073 1631 debitores,
1108 1607 1282 1631 summam,
1313 1607 1395 1638 quae
1427 1596 1665 1627 rationabiliter
1694 1596 1886 1637 postulatur,
1915 1595 1985 1626 sine
2014 1595 2124 1636 aliqua

466 1648 689 1679 imminutione
714 1648 911 1689 persolvant.
957 1647 1197 1679 Providendum
1223 1651 1273 1679 est
1297 1648 1393 1685 enim,
1424 1659 1464 1679 ne
1490 1648 1622 1690 spiritus
1648 1647 1888 1678 contumacium
1912 1657 2122 1688 personarum

470 1701 607 1742 publicis
645 1699 824 1731 rationibus
864 1699 993 1741 aliquod
1025 1700 1174 1731 videatur
1209 1700 1324 1731 afferre
1359 1699 1574 1741 dispendium.
1629 1700 1683 1740 qui
1715 1710 1789 1729 vcro
1826 1699 1929 1729 minus
1964 1698 2123 1728 intentata

471 1755 679 1793 cognoscunt,
705 1751 745 1782 ad
769 1751 922 1782 iudicium
945 1755 1133 1793 competens
1152 1755 1183 1782 te
1201 1752 1388 1782 imminente
1407 1751 1610 1784 conveniant.
1636 1754 1670 1781 ut
1688 1750 1773 1792 quod
1790 1750 1946 1792 aequitati
1964 1749 2122 1791 congruit,

471 1808 680 1845 utrarumque
706 1804 846 1845 partium
871 1803 1068 1845 allegatione
1092 1804 1257 1845 recognita
1282 1803 1380 1834 salvis
1406 1802 1534 1844 legibus
1558 1803 1741 1844 impleatur.

1226 1957 1369 1989 XXXII.

928 2025 1191 2057 BRANDILAE
1217 2024 1539 2057 THEODERICUS
1564 2025 1667 2056 REX.
1940 2053 1969 2073 a·
1988 2043 2124 2081 5231520.

573 2095 663 2126 Adiit
698 2106 756 2126 nos
792 2096 968 2126 innumeris
1004 2095 1128 2126 vicibus
1161 2094 1313 2125 Patzenis
1350 2095 1491 2136 repetita
1529 2095 1735 2136 conquestio,
1772 2095 1824 2136 qui
1861 2105 1931 2125 cum
1968 2097 2056 2125 esset
2091 2095 2122 2125 in

470 2147 679 2188 expeditione
705 2147 891 2178 felicissima
916 2147 1127 2179 constitutus,
1152 2157 1171 2177 a
1194 2146 1334 2177 Procula
1359 2146 1496 2186 coniuge
1522 2149 1578 2177 tua
1602 2157 1738 2177 uxorem
1763 2157 1852 2177 suam
1878 2146 2016 2177 asseruit
2041 2146 2123 2176 trina

469 2199 570 2229 fuisse
601 2198 702 2229 caede
732 2198 922 2235 laceratam„
952 2200 995 2230 ita
1028 2202 1062 2229 ut
1092 2199 1160 2229 solo
1185 2198 1344 2229 beneficio
1369 2198 1608 2240 desperationis
1634 2199 1802 2237 evaderet,
1834 2209 1904 2229 cum
1930 2208 1993 2228 non
2017 2198 2122 2239 plagis

571 2319 800 2351 LRKP(D)E(F)

573 2396 585 2421 1
613 2397 741 2428 quondam
769 2405 816 2421 om.
836 2395 865 2420 F
950 2396 1074 2429 pitzil'a)e]
1099 2396 1208 2427 LRPI),
1235 2397 1353 2429 pithi(a)e
1372 2397 1489 2421 KEFAc
1577 2398 1708 2429 ingenium
1727 2397 1777 2421 ΓΑ
1900 2396 1916 2421 2
1940 2397 2073 2421 admonete
2091 2396 2124 2427 Ε,

469 2440 609 2464 amoueatis
624 2441 646 2463 A
653 2444 663 2456 1‘
676 2445 697 2464 ct
710 2449 798 2471 marsso
813 2440 893 2464 Fora.
947 2441 1051 2465 audiant
1065 2440 1090 2464 Ι)
1175 2440 1191 2464 3
1211 2441 1361 2465 coniunctos
1374 2441 1400 2464 E
1452 2441 1572 2465 docuerat
1586 2440 1721 2464 PDE¹Ar
1808 2440 1824 2465 5
1843 2439 1969 2472 eligimus]
1985 2439 2122 2470 RKEFA,

469 2483 592 2515 elegimus
604 2483 679 2507 LI'J)
775 2483 790 2507 6
809 2492 855 2507 nos
868 2483 915 2506 Ill
978 2484 1088 2507 0055111111
1104 2481 1133 2507 F
1192 2484 1258 2508 tlalia
1273 2484 1299 2507 E
1391 2483 1405 2508 ’ἲ
1425 2485 1528 2508 seruilia
1547 2493 1594 2508 (1111,
1611 2481 1656 2507 κ’1
1715 2492 1731 2507 a
1750 2484 1822 2507 nobis·
1837 2483 1865 2507 K
1955 2482 1971 2506 ὃ
1990 2483 2062 2507 decat
2076 2482 2124 2513 ΡΙ,

469 2527 559 2550 deceat
572 2526 600 2549 K
656 2526 838 2550 rationabiliter
854 2524 883 2549 F
972 2526 987 2550 9
1007 2526 1047 2558 110]
1067 2535 1114 2551 nee
1128 2526 1156 2550 K
1246 2526 1275 2550 11
1296 2526 1380 2559 quem]
1401 2536 1465 2559 quae
1480 2528 1516 2551 ,1⁰
1576 2525 1655 2559 quae]
1676 2535 1753 2558 quam
1768 2526 1802 2556 K,
1820 2534 1895 2557 quem
1912 2526 1947 2549 ,lc
2006 2524 2121 2557 delectet]

471 2570 562 2593 debeat
576 2569 616 2592 Ε1
724 2568 754 2593 13
774 2569 838 2593 inter
859 2569 948 2592 El¹'.·{0
1055 2569 1085 2593 14
1106 2570 1201 2601 primae
1221 2569 1360 2602 secundae]
1381 2579 1428 2594 scr.
1443 2571 1558 2602 sortasse
1577 2571 1666 2595 tertiae
1686 2570 1750 2597 (scil.
1770 2568 1894 2595 decimae)
1914 2577 2001 2593 errore
2020 2573 2074 2592 orto
2093 2577 2123 2592 cr

473 2613 536 2636 notis
556 2612 729 2636 numeralibus
836 2611 867 2635 15
886 2612 1058 2636 condicionem
1078 2612 1103 2636 P
1176 2618 1354 2637 commemorat
1375 2622 1421 2637 om.
1438 2613 1465 2636 K
1569 2612 1600 2637 16
1620 2610 1720 2644 debere]
1738 2612 1790 2637 Uni.
1810 2620 1822 2636 c
1842 2612 1914 2639 cuni,
1933 2612 2045 2636 redibere
2065 2611 2123 2635 libri

469 2655 525 2679 rell.
539 2659 561 2679 ct
572 2655 619 2682 ΛΨ,
638 2655 758 2678 redimere
769 2654 803 2684 D7
822 2655 928 2678 retinere
942 2656 1004 2678 Gar.
1059 2655 1157 2679 utilitas
1171 2656 1273 2687 publica
1285 2656 1338 2679 EF
1424 2655 1455 2680 17
1470 2655 1587 2688 ideoque]
1602 2655 1675 2679 LHA
1683 2659 1701 2685 r,
1720 2655 1775 2678 ideo
1790 2655 1881 2686 reliqui
1933 2654 2063 2678 marchum
2073 2653 2127 2678 EF

470 2697 501 2722 IS
519 2696 682 2729 simeonium]
694 2698 793 2728 PDAO,
811 2698 970 2730 symeonium
981 2698 1012 2728 L7
1031 2699 1190 2730 symonicum
1200 2698 1232 2725 Ii'.
1250 2708 1398 2730 syme-mum
1411 2699 1445 2725 K,
1459 2699 1594 2723 sinwnium
1606 2698 1663 2728 EF,
1676 2698 1830 2722 simoninum
1841 2698 1881 2721 ,11‘
1926 2698 1967 2722 uel
1980 2698 2023 2722 rel.
2038 2706 2085 2721 om.
2096 2695 2125 2721 F

521 2741 632 2765 breuiter
646 2740 669 2764 lt*
722 2739 834 2772 seruata]
855 2749 874 2764 s.
893 2741 992 2765 iusticia
1009 2740 1049 2764 Pa
1136 2740 1171 2765 ‘20
1189 2749 1243 2765 esse
1262 2746 1340 2766 const.
1356 2740 1385 2766 F
1435 2750 1610 2774 summamque
1625 2741 1661 2765 Ae
1683 2740 1739 2767 (em.
1760 2741 1785 2764 in
1804 2750 1854 2765 err.
1869 2743 1930 2772 ψῃ.)
2013 2739 2044 2764 21
2065 2749 2122 2764 01111-

469 2784 623 2808 tumantium
643 2784 694 2814 Ra,
721 2785 897 2808 eontimatium
917 2784 945 2807 Κ
1085 2782 1119 2807 22
1143 2792 1190 2808 ser.
1217 2785 1312 2809 intenta
1338 2789 1483 2817 agnoscunt
1588 2783 1624 2814 ut]
1650 2784 1694 2807 ubi
1714 2782 1743 2807 F
1882 2782 1916 2807 24
1941 2787 2077 2815 utrumque
2097 2782 2126 2806 K

469 2826 502 2851 26
516 2826 640 2858 patzenis]
653 2827 672 2850 L
680 2826 838 2858 2ΗΡΕΓΛΒ,
856 2827 971 2859 patzenis
983 2826 1016 2857 I),
1032 2828 1146 2859 patzeius
1156 2827 1189 2857 Κ,
1203 2828 1318 2859 patlicnis
1329 2828 1351 2852 L
1360 2829 1377 2858 ¹,
1392 2829 1491 2860 patenis
1501 2827 1540 2851 ⁴1¹·
1588 2828 1661 2851 retita
1672 2826 1693 2850 L
1702 2826 1710 2840 ¹
1793 2825 1825 2850 ’.ὶῖ
1841 2827 1941 2858 procule
1950 2826 1978 2849 K
2022 2830 2066 2850 tuo
2078 2824 2122 2849 Kb
