<?xml version="1.0" encoding="UTF-8"?>
<!DOCTYPE html PUBLIC "-//W3C//DTD XHTML 1.0 Transitional//EN"
    "http://www.w3.org/TR/xhtml1/DTD/xhtml1-transitional.dtd">
<html xmlns="http://www.w3.org/1999/xhtml" xml:lang="en" lang="en">
 <head>
  <title>
</title>
<meta http-equiv="Content-Type" content="text/html;charset=utf-8" />
  <meta name='ocr-system' content='tesseract 3.04.00' />
  <meta name='ocr-capabilities' content='ocr_page ocr_carea ocr_par ocr_line ocrx_word'/>
</head>
<body>
  <div class='ocr_page' id='page_1' title='image "./cassiodorisenato00cass_0510.png"; bbox 0 0 2279 3261; ppageno 0'>
   <div class='ocr_carea' id='block_1_1' title="bbox 420 1181 443 1199">
    <p class='ocr_par' dir='ltr' id='par_1_1' title="bbox 420 1181 443 1199">
     <span class='ocr_line' id='line_1_1' title="bbox 420 1181 443 1199; baseline -0.043 0"><span class='ocrx_word' id='word_1_1' title='bbox 420 1181 443 1199; x_wconf 80' lang='lat'>15</span> 
     </span>
    </p>
   </div>
   <div class='ocr_carea' id='block_1_2' title="bbox 425 2086 448 2103">
    <p class='ocr_par' dir='ltr' id='par_1_2' title="bbox 425 2086 448 2103">
     <span class='ocr_line' id='line_1_2' title="bbox 425 2086 448 2103; baseline -0.087 0"><span class='ocrx_word' id='word_1_2' title='bbox 425 2086 448 2103; x_wconf 77' lang='grc'>311</span> 
     </span>
    </p>
   </div>
   <div class='ocr_carea' id='block_1_3' title="bbox 462 183 1391 216">
    <p class='ocr_par' dir='ltr' id='par_1_3' title="bbox 462 183 1391 216">
     <span class='ocr_line' id='line_1_3' title="bbox 462 183 1391 216; baseline -0.008 0"><span class='ocrx_word' id='word_1_3' title='bbox 462 186 522 216; x_wconf 80' lang='lat'>320</span> <span class='ocrx_word' id='word_1_4' title='bbox 1179 183 1391 211; x_wconf 77' lang='lat' dir='ltr'>CASSIODORI</span> 
     </span>
    </p>
   </div>
   <div class='ocr_carea' id='block_1_4' title="bbox 461 269 2105 674">
    <p class='ocr_par' dir='ltr' id='par_1_4' title="bbox 461 269 2105 674">
     <span class='ocr_line' id='line_1_4' title="bbox 462 269 2103 312; baseline -0.001 -11"><span class='ocrx_word' id='word_1_5' title='bbox 462 271 683 311; x_wconf 84' lang='lat' dir='ltr'>redintegrare</span> <span class='ocrx_word' id='word_1_6' title='bbox 712 281 793 312; x_wconf 87' lang='lat' dir='ltr'>quae</span> <span class='ocrx_word' id='word_1_7' title='bbox 818 271 904 301; x_wconf 83' lang='lat' dir='ltr'>facta</span> <span class='ocrx_word' id='word_1_8' title='bbox 930 275 1018 307; x_wconf 73' lang='lat' dir='ltr'>sunt,</span> <span class='ocrx_word' id='word_1_9' title='bbox 1049 272 1176 312; x_wconf 89' lang='lat' dir='ltr'>quando</span> <span class='ocrx_word' id='word_1_10' title='bbox 1201 282 1264 302; x_wconf 90' lang='lat' dir='ltr'>non</span> <span class='ocrx_word' id='word_1_11' title='bbox 1290 273 1340 301; x_wconf 90' lang='lat' dir='ltr'>est</span> <span class='ocrx_word' id='word_1_12' title='bbox 1365 269 1495 301; x_wconf 86' lang='lat' dir='ltr'>difficile</span> <span class='ocrx_word' id='word_1_13' title='bbox 1521 270 1610 300; x_wconf 89' lang='lat' dir='ltr'>illum</span> <span class='ocrx_word' id='word_1_14' title='bbox 1634 270 1666 300; x_wconf 91' lang='lat' dir='ltr'>in</span> <span class='ocrx_word' id='word_1_15' title='bbox 1691 270 1843 300; x_wconf 80' lang='lat' dir='ltr'>affectum</span> <span class='ocrx_word' id='word_1_16' title='bbox 1868 270 2024 305; x_wconf 77' lang='lat' dir='ltr'>retinere,</span> <span class='ocrx_word' id='word_1_17' title='bbox 2050 271 2103 311; x_wconf 91' lang='lat' dir='ltr'>qui</span> 
     </span>
     <span class='ocr_line' id='line_1_5' title="bbox 461 321 2103 364; baseline -0.001 -12"><span class='ocrx_word' id='word_1_18' title='bbox 461 324 597 363; x_wconf 78' lang='lat' dir='ltr'>gratiam</span> <span class='ocrx_word' id='word_1_19' title='bbox 623 327 747 353; x_wconf 82' lang='lat' dir='ltr'>constat</span> <span class='ocrx_word' id='word_1_20' title='bbox 772 322 996 353; x_wconf 73' lang='lat' dir='ltr'>desideranter</span> <span class='ocrx_word' id='word_1_21' title='bbox 1021 328 1187 364; x_wconf 81' lang='lat' dir='ltr'>expetere.</span> <span class='ocrx_word' id='word_1_22' title='bbox 1236 323 1277 352; x_wconf 78' lang='lat' dir='ltr'>Et</span> <span class='ocrx_word' id='word_1_23' title='bbox 1301 322 1374 352; x_wconf 90' lang='lat' dir='ltr'>ideo</span> <span class='ocrx_word' id='word_1_24' title='bbox 1397 322 1577 352; x_wconf 87' lang='lat' dir='ltr'>salutantes</span> <span class='ocrx_word' id='word_1_25' title='bbox 1594 322 1796 352; x_wconf 86' lang='lat' dir='ltr'>elementiam</span> <span class='ocrx_word' id='word_1_26' title='bbox 1816 325 1954 352; x_wconf 85' lang='lat' dir='ltr'>vestram</span> <span class='ocrx_word' id='word_1_27' title='bbox 1972 321 2103 352; x_wconf 87' lang='lat' dir='ltr'>honori-</span> 
     </span>
     <span class='ocr_line' id='line_1_6' title="bbox 461 373 2103 415; baseline -0.001 -11"><span class='ocrx_word' id='word_1_28' title='bbox 461 374 588 405; x_wconf 83' lang='lat' dir='ltr'>ficentia</span> <span class='ocrx_word' id='word_1_29' title='bbox 623 375 819 415; x_wconf 72' lang='lat' dir='ltr'>competenti</span> <span class='ocrx_word' id='word_1_30' title='bbox 854 374 1033 405; x_wconf 72' lang='lat' dir='ltr'>indicamus</span> <span class='ocrx_word' id='word_1_31' title='bbox 1068 386 1127 405; x_wconf 86' lang='lat' dir='ltr'>nos</span> <span class='ocrx_word' id='word_1_32' title='bbox 1159 375 1282 415; x_wconf 87' lang='lat' dir='ltr'>legatos</span> <span class='ocrx_word' id='word_1_33' title='bbox 1313 377 1439 404; x_wconf 88' lang='lat' dir='ltr'>nostros</span> <span class='ocrx_word' id='word_1_34' title='bbox 1474 373 1561 403; x_wconf 90' lang='lat' dir='ltr'>illum</span> <span class='ocrx_word' id='word_1_35' title='bbox 1596 376 1691 414; x_wconf 86' lang='lat' dir='ltr'>atque</span> <span class='ocrx_word' id='word_1_36' title='bbox 1725 373 1815 403; x_wconf 91' lang='lat' dir='ltr'>illum</span> <span class='ocrx_word' id='word_1_37' title='bbox 1848 373 1887 403; x_wconf 86' lang='lat' dir='ltr'>ad</span> <span class='ocrx_word' id='word_1_38' title='bbox 1920 373 2103 403; x_wconf 83' lang='lat' dir='ltr'>serenitatis</span> 
     </span>
     <span class='ocr_line' id='line_1_7' title="bbox 461 425 2104 466; baseline -0.001 -11"><span class='ocrx_word' id='word_1_39' title='bbox 461 430 589 455; x_wconf 86' lang='lat' dir='ltr'>vestrae</span> <span class='ocrx_word' id='word_1_40' title='bbox 615 426 808 466; x_wconf 71' lang='lat' dir='ltr'>sapientiam</span> <span class='ocrx_word' id='word_1_41' title='bbox 834 425 1027 461; x_wconf 68' lang='lat' dir='ltr'>destinasse,</span> <span class='ocrx_word' id='word_1_42' title='bbox 1059 429 1093 456; x_wconf 89' lang='lat' dir='ltr'>ut</span> <span class='ocrx_word' id='word_1_43' title='bbox 1118 426 1226 456; x_wconf 87' lang='lat' dir='ltr'>omnia</span> <span class='ocrx_word' id='word_1_44' title='bbox 1249 436 1338 455; x_wconf 87' lang='lat' dir='ltr'>more</span> <span class='ocrx_word' id='word_1_45' title='bbox 1363 428 1470 454; x_wconf 85' lang='lat' dir='ltr'>vestro</span> <span class='ocrx_word' id='word_1_46' title='bbox 1496 425 1658 465; x_wconf 76' lang='lat' dir='ltr'>cogitetis,</span> <span class='ocrx_word' id='word_1_47' title='bbox 1691 425 1841 465; x_wconf 85' lang='lat' dir='ltr'>quatinus</span> <span class='ocrx_word' id='word_1_48' title='bbox 1870 427 2028 465; x_wconf 89' lang='lat' dir='ltr'>utraeque</span> <span class='ocrx_word' id='word_1_49' title='bbox 2053 435 2104 454; x_wconf 86' lang='lat' dir='ltr'>res</span> 
     </span>
     <span class='ocr_line' id='line_1_8' title="bbox 462 476 2104 518; baseline 0 -12"><span class='ocrx_word' id='word_1_50' title='bbox 462 477 610 518; x_wconf 87' lang='lat' dir='ltr'>publicae</span> <span class='ocrx_word' id='word_1_51' title='bbox 635 479 817 506; x_wconf 86' lang='lat' dir='ltr'>restaurata</span> <span class='ocrx_word' id='word_1_52' title='bbox 842 477 1013 507; x_wconf 84' lang='lat' dir='ltr'>concordia</span> <span class='ocrx_word' id='word_1_53' title='bbox 1039 481 1249 518; x_wconf 73' lang='lat' dir='ltr'>perseverent</span> <span class='ocrx_word' id='word_1_54' title='bbox 1274 481 1305 507; x_wconf 91' lang='lat' dir='ltr'>et</span> <span class='ocrx_word' id='word_1_55' title='bbox 1327 476 1411 517; x_wconf 86' lang='lat' dir='ltr'>quod</span> <span class='ocrx_word' id='word_1_56' title='bbox 1429 477 1629 517; x_wconf 82' lang='lat' dir='ltr'>temporibus</span> <span class='ocrx_word' id='word_1_57' title='bbox 1646 480 1731 507; x_wconf 85' lang='lat' dir='ltr'>retro</span> <span class='ocrx_word' id='word_1_58' title='bbox 1750 477 1930 518; x_wconf 84' lang='lat' dir='ltr'>principum</span> <span class='ocrx_word' id='word_1_59' title='bbox 1947 476 2104 506; x_wconf 84' lang='lat' dir='ltr'>laudabili</span> 
     </span>
     <span class='ocr_line' id='line_1_9' title="bbox 462 527 2105 570; baseline 0 -12"><span class='ocrx_word' id='word_1_60' title='bbox 462 529 610 570; x_wconf 87' lang='lat' dir='ltr'>opinione</span> <span class='ocrx_word' id='word_1_61' title='bbox 641 528 808 559; x_wconf 80' lang='lat' dir='ltr'>fundatum</span> <span class='ocrx_word' id='word_1_62' title='bbox 839 533 902 562; x_wconf 79' lang='lat' dir='ltr'>est.</span> <span class='ocrx_word' id='word_1_63' title='bbox 937 528 994 559; x_wconf 90' lang='lat' dir='ltr'>sub</span> <span class='ocrx_word' id='word_1_64' title='bbox 1025 532 1133 559; x_wconf 87' lang='lat' dir='ltr'>vestro</span> <span class='ocrx_word' id='word_1_65' title='bbox 1168 529 1270 567; x_wconf 80' lang='lat' dir='ltr'>magis</span> <span class='ocrx_word' id='word_1_66' title='bbox 1302 528 1436 569; x_wconf 90' lang='lat' dir='ltr'>imperio</span> <span class='ocrx_word' id='word_1_67' title='bbox 1465 527 1580 558; x_wconf 88' lang='lat' dir='ltr'>divinis</span> <span class='ocrx_word' id='word_1_68' title='bbox 1612 528 1740 558; x_wconf 76' lang='lat' dir='ltr'>auxiliis</span> <span class='ocrx_word' id='word_1_69' title='bbox 1765 532 1933 568; x_wconf 79' lang='lat' dir='ltr'>augeatur.</span> <span class='ocrx_word' id='word_1_70' title='bbox 1980 528 2105 568; x_wconf 84' lang='lat' dir='ltr'>reliqua</span> 
     </span>
     <span class='ocr_line' id='line_1_10' title="bbox 462 579 2104 621; baseline -0.001 -11"><span class='ocrx_word' id='word_1_71' title='bbox 462 592 537 611; x_wconf 87' lang='lat' dir='ltr'>vero</span> <span class='ocrx_word' id='word_1_72' title='bbox 563 591 620 621; x_wconf 88' lang='lat' dir='ltr'>per</span> <span class='ocrx_word' id='word_1_73' title='bbox 644 581 767 620; x_wconf 85' lang='lat' dir='ltr'>legatos</span> <span class='ocrx_word' id='word_1_74' title='bbox 791 580 976 621; x_wconf 85' lang='lat' dir='ltr'>praedictos</span> <span class='ocrx_word' id='word_1_75' title='bbox 1002 581 1169 611; x_wconf 89' lang='lat' dir='ltr'>serenitati</span> <span class='ocrx_word' id='word_1_76' title='bbox 1195 584 1322 610; x_wconf 83' lang='lat' dir='ltr'>vestrae</span> <span class='ocrx_word' id='word_1_77' title='bbox 1348 580 1447 610; x_wconf 83' lang='lat' dir='ltr'>verbo</span> <span class='ocrx_word' id='word_1_78' title='bbox 1473 579 1666 610; x_wconf 84' lang='lat' dir='ltr'>insinuanda.</span> <span class='ocrx_word' id='word_1_79' title='bbox 1688 580 1915 614; x_wconf 77' lang='lat' dir='ltr'>commisimus,</span> <span class='ocrx_word' id='word_1_80' title='bbox 1941 585 1974 610; x_wconf 91' lang='lat' dir='ltr'>ut</span> <span class='ocrx_word' id='word_1_81' title='bbox 1997 583 2029 610; x_wconf 87' lang='lat' dir='ltr'>et</span> <span class='ocrx_word' id='word_1_82' title='bbox 2047 580 2104 610; x_wconf 86' lang='lat' dir='ltr'>ali-</span> 
     </span>
     <span class='ocr_line' id='line_1_11' title="bbox 463 632 2105 674; baseline -0.001 -12"><span class='ocrx_word' id='word_1_83' title='bbox 463 643 525 672; x_wconf 87' lang='lat' dir='ltr'>qua</span> <span class='ocrx_word' id='word_1_84' title='bbox 546 632 730 674; x_wconf 77' lang='lat' dir='ltr'>epistularis</span> <span class='ocrx_word' id='word_1_85' title='bbox 753 632 893 662; x_wconf 80' lang='lat' dir='ltr'>brevitas</span> <span class='ocrx_word' id='word_1_86' title='bbox 918 633 1151 674; x_wconf 80' lang='lat' dir='ltr'>perstringeret</span> <span class='ocrx_word' id='word_1_87' title='bbox 1174 636 1205 663; x_wconf 89' lang='lat' dir='ltr'>et</span> <span class='ocrx_word' id='word_1_88' title='bbox 1227 643 1340 662; x_wconf 83' lang='lat' dir='ltr'>causas</span> <span class='ocrx_word' id='word_1_89' title='bbox 1364 636 1491 662; x_wconf 81' lang='lat' dir='ltr'>nostras</span> <span class='ocrx_word' id='word_1_90' title='bbox 1519 635 1732 673; x_wconf 84' lang='lat' dir='ltr'>suggerentes</span> <span class='ocrx_word' id='word_1_91' title='bbox 1757 632 1883 673; x_wconf 87' lang='lat' dir='ltr'>plenius</span> <span class='ocrx_word' id='word_1_92' title='bbox 1907 632 2105 662; x_wconf 85' lang='lat' dir='ltr'>intimarent.</span> 
     </span>
    </p>
   </div>
   <div class='ocr_carea' id='block_1_5' title="bbox 844 777 2105 903">
    <p class='ocr_par' dir='ltr' id='par_1_5' title="bbox 844 777 2105 903">
     <span class='ocr_line' id='line_1_12' title="bbox 1204 777 1366 808; baseline 0 0"><span class='ocrx_word' id='word_1_93' title='bbox 1204 777 1366 808; x_wconf 66' lang='lat' dir='ltr'>xxxur</span> 
     </span>
     <span class='ocr_line' id='line_1_13' title="bbox 844 846 2105 903; baseline 0.002 -27"><span class='ocrx_word' id='word_1_94' title='bbox 844 846 1071 878; x_wconf 72' lang='lat' dir='ltr'>MAGisrao</span> <span class='ocrx_word' id='word_1_95' title='bbox 1098 847 1375 878; x_wconf 78' lang='lat' dir='ltr'><strong>OFFICIORUM</strong></span> <span class='ocrx_word' id='word_1_96' title='bbox 1400 847 1600 878; x_wconf 69' lang='lat' dir='ltr'>vvlrieis</span> <span class='ocrx_word' id='word_1_97' title='bbox 1625 848 1727 878; x_wconf 79' lang='lat' dir='ltr'>REX.</span> <span class='ocrx_word' id='word_1_98' title='bbox 1922 874 1951 894; x_wconf 36' lang='lat' dir='ltr'>a·</span> <span class='ocrx_word' id='word_1_99' title='bbox 1969 863 2105 903; x_wconf 53' lang='lat'><em>5357537</em></span> 
     </span>
    </p>
   </div>
   <div class='ocr_carea' id='block_1_6' title="bbox 462 915 2107 1424">
    <p class='ocr_par' dir='ltr' id='par_1_6' title="bbox 462 915 2107 1424">
     <span class='ocr_line' id='line_1_14' title="bbox 566 915 2105 958; baseline 0.001 -13"><span class='ocrx_word' id='word_1_100' title='bbox 566 915 658 945; x_wconf 88' lang='lat' dir='ltr'>Illum</span> <span class='ocrx_word' id='word_1_101' title='bbox 693 919 724 945; x_wconf 88' lang='lat' dir='ltr'>et</span> <span class='ocrx_word' id='word_1_102' title='bbox 756 916 844 946; x_wconf 88' lang='lat' dir='ltr'>illum</span> <span class='ocrx_word' id='word_1_103' title='bbox 878 916 1002 956; x_wconf 84' lang='lat' dir='ltr'>legatos</span> <span class='ocrx_word' id='word_1_104' title='bbox 1033 920 1159 946; x_wconf 82' lang='lat' dir='ltr'>nostros</span> <span class='ocrx_word' id='word_1_105' title='bbox 1191 917 1230 946; x_wconf 85' lang='lat' dir='ltr'>ad</span> <span class='ocrx_word' id='word_1_106' title='bbox 1256 917 1498 947; x_wconf 81' lang='lat' dir='ltr'>serenissimum</span> <span class='ocrx_word' id='word_1_107' title='bbox 1525 917 1704 958; x_wconf 88' lang='lat' dir='ltr'>principem</span> <span class='ocrx_word' id='word_1_108' title='bbox 1729 916 1904 957; x_wconf 83' lang='lat' dir='ltr'>dirigentes</span> <span class='ocrx_word' id='word_1_109' title='bbox 1929 926 2105 956; x_wconf 85' lang='lat' dir='ltr'>congruum</span> 
     </span>
     <span class='ocr_line' id='line_1_15' title="bbox 463 967 2106 1009; baseline 0 -13"><span class='ocrx_word' id='word_1_110' title='bbox 463 967 521 997; x_wconf 92' lang='lat' dir='ltr'>fuit</span> <span class='ocrx_word' id='word_1_111' title='bbox 546 967 759 1008; x_wconf 80' lang='lat' dir='ltr'>magnitudini</span> <span class='ocrx_word' id='word_1_112' title='bbox 786 971 912 998; x_wconf 88' lang='lat' dir='ltr'>vestrae</span> <span class='ocrx_word' id='word_1_113' title='bbox 938 979 994 1009; x_wconf 86' lang='lat' dir='ltr'>per</span> <span class='ocrx_word' id='word_1_114' title='bbox 1020 979 1073 998; x_wconf 80' lang='lat' dir='ltr'>eos</span> <span class='ocrx_word' id='word_1_115' title='bbox 1100 969 1285 998; x_wconf 80' lang='lat' dir='ltr'>salutiferos</span> <span class='ocrx_word' id='word_1_116' title='bbox 1312 969 1419 1009; x_wconf 86' lang='lat' dir='ltr'>apices</span> <span class='ocrx_word' id='word_1_117' title='bbox 1444 968 1623 1003; x_wconf 71' lang='lat' dir='ltr'>destinare.</span> <span class='ocrx_word' id='word_1_118' title='bbox 1657 972 1691 998; x_wconf 89' lang='lat' dir='ltr'>ut</span> <span class='ocrx_word' id='word_1_119' title='bbox 1716 969 1746 998; x_wconf 93' lang='lat' dir='ltr'>in</span> <span class='ocrx_word' id='word_1_120' title='bbox 1772 969 1856 998; x_wconf 90' lang='lat' dir='ltr'>omni</span> <span class='ocrx_word' id='word_1_121' title='bbox 1882 972 1973 1009; x_wconf 88' lang='lat' dir='ltr'>parte</span> <span class='ocrx_word' id='word_1_122' title='bbox 1998 971 2106 997; x_wconf 86' lang='lat' dir='ltr'>vestra</span> 
     </span>
     <span class='ocr_line' id='line_1_16' title="bbox 462 1018 2104 1061; baseline -0.001 -12"><span class='ocrx_word' id='word_1_123' title='bbox 462 1018 620 1049; x_wconf 84' lang='lat' dir='ltr'>beneficia</span> <span class='ocrx_word' id='word_1_124' title='bbox 644 1022 854 1050; x_wconf 82' lang='lat' dir='ltr'>mererentur.</span> <span class='ocrx_word' id='word_1_125' title='bbox 880 1029 950 1049; x_wconf 82' lang='lat' dir='ltr'>cuin</span> <span class='ocrx_word' id='word_1_126' title='bbox 977 1024 1106 1050; x_wconf 86' lang='lat' dir='ltr'>nostrae</span> <span class='ocrx_word' id='word_1_127' title='bbox 1132 1020 1341 1061; x_wconf 76' lang='lat' dir='ltr'>deportarent</span> <span class='ocrx_word' id='word_1_128' title='bbox 1366 1020 1587 1050; x_wconf 86' lang='lat' dir='ltr'>collocutionis</span> <span class='ocrx_word' id='word_1_129' title='bbox 1611 1020 1773 1050; x_wconf 82' lang='lat' dir='ltr'>affectum.</span> <span class='ocrx_word' id='word_1_130' title='bbox 1820 1019 1862 1050; x_wconf 78' lang='lat' dir='ltr'>Et</span> <span class='ocrx_word' id='word_1_131' title='bbox 1886 1019 1957 1049; x_wconf 91' lang='lat' dir='ltr'>ideo</span> <span class='ocrx_word' id='word_1_132' title='bbox 1983 1019 2104 1060; x_wconf 88' lang='lat' dir='ltr'>epistu-</span> 
     </span>
     <span class='ocr_line' id='line_1_17' title="bbox 463 1070 2105 1113; baseline 0 -13"><span class='ocrx_word' id='word_1_133' title='bbox 463 1071 562 1100; x_wconf 83' lang='lat' dir='ltr'>larem</span> <span class='ocrx_word' id='word_1_134' title='bbox 588 1071 724 1110; x_wconf 80' lang='lat' dir='ltr'>gratiam</span> <span class='ocrx_word' id='word_1_135' title='bbox 751 1072 865 1101; x_wconf 87' lang='lat' dir='ltr'>vestris</span> <span class='ocrx_word' id='word_1_136' title='bbox 891 1072 1012 1102; x_wconf 81' lang='lat' dir='ltr'>meritis</span> <span class='ocrx_word' id='word_1_137' title='bbox 1038 1072 1230 1102; x_wconf 80' lang='lat' dir='ltr'>exhibentes</span> <span class='ocrx_word' id='word_1_138' title='bbox 1256 1083 1435 1113; x_wconf 77' lang='lat' dir='ltr'>speramus.</span> <span class='ocrx_word' id='word_1_139' title='bbox 1465 1076 1498 1102; x_wconf 89' lang='lat' dir='ltr'>ut</span> <span class='ocrx_word' id='word_1_140' title='bbox 1523 1071 1607 1112; x_wconf 83' lang='lat' dir='ltr'>apud</span> <span class='ocrx_word' id='word_1_141' title='bbox 1633 1071 1878 1102; x_wconf 71' lang='lat' dir='ltr'>elementissimi</span> <span class='ocrx_word' id='word_1_142' title='bbox 1902 1070 2105 1112; x_wconf 86' lang='lat' dir='ltr'>imperatoris</span> 
     </span>
     <span class='ocr_line' id='line_1_18' title="bbox 463 1122 2105 1164; baseline 0.001 -13"><span class='ocrx_word' id='word_1_143' title='bbox 463 1123 586 1152; x_wconf 83' lang='lat' dir='ltr'>animos</span> <span class='ocrx_word' id='word_1_144' title='bbox 613 1123 659 1152; x_wconf 89' lang='lat' dir='ltr'>eis</span> <span class='ocrx_word' id='word_1_145' title='bbox 685 1127 792 1153; x_wconf 78' lang='lat' dir='ltr'>vestra</span> <span class='ocrx_word' id='word_1_146' title='bbox 816 1123 986 1164; x_wconf 82' lang='lat' dir='ltr'>prudentia.</span> <span class='ocrx_word' id='word_1_147' title='bbox 1011 1124 1217 1164; x_wconf 71' lang='lat' dir='ltr'>suffragetur,</span> <span class='ocrx_word' id='word_1_148' title='bbox 1243 1125 1317 1164; x_wconf 86' lang='lat' dir='ltr'>qnia</span> <span class='ocrx_word' id='word_1_149' title='bbox 1342 1124 1386 1154; x_wconf 88' lang='lat' dir='ltr'>sic</span> <span class='ocrx_word' id='word_1_150' title='bbox 1411 1127 1485 1154; x_wconf 91' lang='lat' dir='ltr'>sunt</span> <span class='ocrx_word' id='word_1_151' title='bbox 1510 1124 1591 1153; x_wconf 82' lang='lat' dir='ltr'>iusta</span> <span class='ocrx_word' id='word_1_152' title='bbox 1616 1134 1697 1164; x_wconf 85' lang='lat' dir='ltr'>quae</span> <span class='ocrx_word' id='word_1_153' title='bbox 1723 1123 1878 1164; x_wconf 84' lang='lat' dir='ltr'>petimus.</span> <span class='ocrx_word' id='word_1_154' title='bbox 1903 1126 1938 1152; x_wconf 93' lang='lat' dir='ltr'>ut</span> <span class='ocrx_word' id='word_1_155' title='bbox 1963 1122 2105 1152; x_wconf 88' lang='lat' dir='ltr'>omnium</span> 
     </span>
     <span class='ocr_line' id='line_1_19' title="bbox 463 1173 2107 1216; baseline 0 -13"><span class='ocrx_word' id='word_1_156' title='bbox 463 1174 656 1214; x_wconf 80' lang='lat' dir='ltr'>sapientium</span> <span class='ocrx_word' id='word_1_157' title='bbox 682 1179 868 1205; x_wconf 85' lang='lat' dir='ltr'>mereantur</span> <span class='ocrx_word' id='word_1_158' title='bbox 893 1174 1050 1205; x_wconf 84' lang='lat' dir='ltr'>adnisum.</span> <span class='ocrx_word' id='word_1_159' title='bbox 1091 1175 1184 1205; x_wconf 79' lang='lat' dir='ltr'>facilc</span> <span class='ocrx_word' id='word_1_160' title='bbox 1211 1176 1295 1205; x_wconf 89' lang='lat' dir='ltr'>enim</span> <span class='ocrx_word' id='word_1_161' title='bbox 1321 1187 1339 1205; x_wconf 84' lang='lat' dir='ltr'>a</span> <span class='ocrx_word' id='word_1_162' title='bbox 1364 1175 1455 1205; x_wconf 83' lang='lat' dir='ltr'>vobis</span> <span class='ocrx_word' id='word_1_163' title='bbox 1480 1175 1578 1205; x_wconf 87' lang='lat' dir='ltr'>debet</span> <span class='ocrx_word' id='word_1_164' title='bbox 1601 1175 1725 1215; x_wconf 67' lang='lat' dir='ltr'>corrigi,</span> <span class='ocrx_word' id='word_1_165' title='bbox 1751 1174 1835 1216; x_wconf 87' lang='lat' dir='ltr'>quod</span> <span class='ocrx_word' id='word_1_166' title='bbox 1861 1185 1923 1205; x_wconf 90' lang='lat' dir='ltr'>non</span> <span class='ocrx_word' id='word_1_167' title='bbox 1941 1173 2107 1205; x_wconf 86' lang='lat' dir='ltr'>decuisset</span> 
     </span>
     <span class='ocr_line' id='line_1_20' title="bbox 463 1225 2107 1268; baseline 0 -13"><span class='ocrx_word' id='word_1_168' title='bbox 463 1226 598 1256; x_wconf 80' lang='lat' dir='ltr'>admitti.</span> <span class='ocrx_word' id='word_1_169' title='bbox 646 1226 701 1256; x_wconf 89' lang='lat' dir='ltr'>sed</span> <span class='ocrx_word' id='word_1_170' title='bbox 727 1227 863 1267; x_wconf 87' lang='lat' dir='ltr'>potestis</span> <span class='ocrx_word' id='word_1_171' title='bbox 890 1227 994 1256; x_wconf 85' lang='lat' dir='ltr'>omnia</span> <span class='ocrx_word' id='word_1_172' title='bbox 1021 1231 1200 1267; x_wconf 68' lang='lat' dir='ltr'>gratanter,</span> <span class='ocrx_word' id='word_1_173' title='bbox 1226 1227 1333 1257; x_wconf 83' lang='lat' dir='ltr'>omnia</span> <span class='ocrx_word' id='word_1_174' title='bbox 1358 1227 1563 1268; x_wconf 78' lang='lat' dir='ltr'>placabiliter</span> <span class='ocrx_word' id='word_1_175' title='bbox 1588 1226 1754 1261; x_wconf 73' lang='lat' dir='ltr'>ordinare,</span> <span class='ocrx_word' id='word_1_176' title='bbox 1780 1226 1854 1267; x_wconf 90' lang='lat' dir='ltr'>quia</span> <span class='ocrx_word' id='word_1_177' title='bbox 1879 1225 2001 1256; x_wconf 85' lang='lat' dir='ltr'>dulcior</span> <span class='ocrx_word' id='word_1_178' title='bbox 2026 1225 2107 1256; x_wconf 89' lang='lat' dir='ltr'>solet</span> 
     </span>
     <span class='ocr_line' id='line_1_21' title="bbox 464 1278 2106 1319; baseline 0 -12"><span class='ocrx_word' id='word_1_179' title='bbox 464 1288 535 1308; x_wconf 87' lang='lat' dir='ltr'>esse</span> <span class='ocrx_word' id='word_1_180' title='bbox 562 1278 664 1318; x_wconf 83' lang='lat' dir='ltr'>gratia</span> <span class='ocrx_word' id='word_1_181' title='bbox 684 1281 755 1319; x_wconf 88' lang='lat' dir='ltr'>post</span> <span class='ocrx_word' id='word_1_182' title='bbox 772 1278 1002 1308; x_wconf 76' lang='lat' dir='ltr'>amaritudines</span> <span class='ocrx_word' id='word_1_183' title='bbox 1021 1279 1168 1319; x_wconf 85' lang='lat' dir='ltr'>expiatas</span> <span class='ocrx_word' id='word_1_184' title='bbox 1221 1279 1369 1319; x_wconf 74' lang='lat' dir='ltr'>refugere</span> <span class='ocrx_word' id='word_1_185' title='bbox 1389 1290 1443 1309; x_wconf 92' lang='lat' dir='ltr'>vos</span> <span class='ocrx_word' id='word_1_186' title='bbox 1463 1279 1545 1309; x_wconf 91' lang='lat' dir='ltr'>enim</span> <span class='ocrx_word' id='word_1_187' title='bbox 1564 1279 1725 1319; x_wconf 89' lang='lat' dir='ltr'>potuisset</span> <span class='ocrx_word' id='word_1_188' title='bbox 1742 1278 1884 1318; x_wconf 86' lang='lat' dir='ltr'>ignotus:</span> <span class='ocrx_word' id='word_1_189' title='bbox 1910 1288 1970 1318; x_wconf 87' lang='lat' dir='ltr'>ego</span> <span class='ocrx_word' id='word_1_190' title='bbox 1987 1280 2106 1312; x_wconf 71' lang='lat' dir='ltr'>autem,</span> 
     </span>
     <span class='ocr_line' id='line_1_22' title="bbox 463 1329 2106 1373; baseline 0 -14"><span class='ocrx_word' id='word_1_191' title='bbox 463 1330 515 1370; x_wconf 81' lang='lat' dir='ltr'>qui</span> <span class='ocrx_word' id='word_1_192' title='bbox 546 1334 693 1359; x_wconf 86' lang='lat' dir='ltr'>ornatum</span> <span class='ocrx_word' id='word_1_193' title='bbox 724 1330 769 1360; x_wconf 82' lang='lat' dir='ltr'>rei</span> <span class='ocrx_word' id='word_1_194' title='bbox 801 1330 950 1371; x_wconf 83' lang='lat' dir='ltr'>publicae</span> <span class='ocrx_word' id='word_1_195' title='bbox 981 1334 1108 1362; x_wconf 84' lang='lat' dir='ltr'>vestrae</span> <span class='ocrx_word' id='word_1_196' title='bbox 1140 1332 1219 1362; x_wconf 85' lang='lat' dir='ltr'>vidi.</span> <span class='ocrx_word' id='word_1_197' title='bbox 1254 1332 1307 1372; x_wconf 92' lang='lat' dir='ltr'>qui</span> <span class='ocrx_word' id='word_1_198' title='bbox 1332 1336 1378 1362; x_wconf 89' lang='lat' dir='ltr'>tot</span> <span class='ocrx_word' id='word_1_199' title='bbox 1402 1332 1522 1362; x_wconf 85' lang='lat' dir='ltr'>nobilia.</span> <span class='ocrx_word' id='word_1_200' title='bbox 1546 1342 1716 1373; x_wconf 86' lang='lat' dir='ltr'>procerum</span> <span class='ocrx_word' id='word_1_201' title='bbox 1741 1331 1838 1361; x_wconf 85' lang='lat' dir='ltr'>corda</span> <span class='ocrx_word' id='word_1_202' title='bbox 1863 1329 2012 1371; x_wconf 73' lang='lat' dir='ltr'>cognovi,</span> <span class='ocrx_word' id='word_1_203' title='bbox 2045 1340 2106 1360; x_wconf 89' lang='lat' dir='ltr'>non</span> 
     </span>
     <span class='ocr_line' id='line_1_23' title="bbox 464 1381 2107 1424; baseline 0 -13"><span class='ocrx_word' id='word_1_204' title='bbox 464 1392 514 1412; x_wconf 85' lang='lat' dir='ltr'>me</span> <span class='ocrx_word' id='word_1_205' title='bbox 539 1381 688 1411; x_wconf 85' lang='lat' dir='ltr'>desidero</span> <span class='ocrx_word' id='word_1_206' title='bbox 714 1392 732 1411; x_wconf 85' lang='lat' dir='ltr'>a</span> <span class='ocrx_word' id='word_1_207' title='bbox 757 1383 892 1422; x_wconf 84' lang='lat' dir='ltr'>piissimi</span> <span class='ocrx_word' id='word_1_208' title='bbox 914 1383 1065 1424; x_wconf 73' lang='lat' dir='ltr'>principis</span> <span class='ocrx_word' id='word_1_209' title='bbox 1087 1384 1191 1424; x_wconf 85' lang='lat' dir='ltr'>gratia</span> <span class='ocrx_word' id='word_1_210' title='bbox 1212 1383 1365 1417; x_wconf 79' lang='lat' dir='ltr'>dividere.</span> <span class='ocrx_word' id='word_1_211' title='bbox 1391 1385 1416 1414; x_wconf 85' lang='lat' dir='ltr'>si</span> <span class='ocrx_word' id='word_1_212' title='bbox 1440 1385 1470 1414; x_wconf 88' lang='lat' dir='ltr'>in</span> <span class='ocrx_word' id='word_1_213' title='bbox 1494 1395 1543 1414; x_wconf 91' lang='lat' dir='ltr'>me</span> <span class='ocrx_word' id='word_1_214' title='bbox 1562 1384 1640 1413; x_wconf 83' lang='lat' dir='ltr'>velit</span> <span class='ocrx_word' id='word_1_215' title='bbox 1657 1393 1738 1424; x_wconf 86' lang='lat' dir='ltr'>quae</span> <span class='ocrx_word' id='word_1_216' title='bbox 1758 1386 1832 1413; x_wconf 89' lang='lat' dir='ltr'>sunt</span> <span class='ocrx_word' id='word_1_217' title='bbox 1849 1383 1933 1413; x_wconf 86' lang='lat' dir='ltr'>iusta</span> <span class='ocrx_word' id='word_1_218' title='bbox 1951 1382 2107 1423; x_wconf 86' lang='lat' dir='ltr'>cogitare.</span> 
     </span>
    </p>
   </div>
   <div class='ocr_carea' id='block_1_7' title="bbox 420 1433 2107 1476">
    <p class='ocr_par' dir='ltr' id='par_1_7' title="bbox 420 1433 2107 1476">
     <span class='ocr_line' id='line_1_24' title="bbox 420 1433 2107 1476; baseline 0 -13"><span class='ocrx_word' id='word_1_219' title='bbox 420 1442 431 1458; x_wconf 70' lang='lat'>2¹</span> <span class='ocrx_word' id='word_1_220' title='bbox 464 1433 546 1463; x_wconf 82' lang='lat' dir='ltr'>Nam</span> <span class='ocrx_word' id='word_1_221' title='bbox 572 1433 596 1463; x_wconf 84' lang='lat' dir='ltr'>si</span> <span class='ocrx_word' id='word_1_222' title='bbox 621 1433 702 1463; x_wconf 83' lang='lat' dir='ltr'>alter</span> <span class='ocrx_word' id='word_1_223' title='bbox 727 1434 882 1464; x_wconf 84' lang='lat' dir='ltr'>offensam</span> <span class='ocrx_word' id='word_1_224' title='bbox 909 1436 1034 1466; x_wconf 81' lang='lat' dir='ltr'>meruit.</span> <span class='ocrx_word' id='word_1_225' title='bbox 1061 1447 1120 1475; x_wconf 79' lang='lat' dir='ltr'>ego</span> <span class='ocrx_word' id='word_1_226' title='bbox 1146 1436 1248 1466; x_wconf 76' lang='lat' dir='ltr'>debeo</span> <span class='ocrx_word' id='word_1_227' title='bbox 1273 1436 1477 1476; x_wconf 83' lang='lat' dir='ltr'>gratissimus</span> <span class='ocrx_word' id='word_1_228' title='bbox 1503 1436 1625 1466; x_wconf 83' lang='lat' dir='ltr'>haberi.</span> <span class='ocrx_word' id='word_1_229' title='bbox 1650 1436 1702 1476; x_wconf 86' lang='lat' dir='ltr'>qui</span> <span class='ocrx_word' id='word_1_230' title='bbox 1729 1434 1841 1464; x_wconf 84' lang='lat' dir='ltr'>odioso</span> <span class='ocrx_word' id='word_1_231' title='bbox 1867 1445 1938 1464; x_wconf 91' lang='lat' dir='ltr'>cum</span> <span class='ocrx_word' id='word_1_232' title='bbox 1965 1433 2107 1463; x_wconf 84' lang='lat' dir='ltr'>vindicta</span> 
     </span>
    </p>
   </div>
   <div class='ocr_carea' id='block_1_8' title="bbox 463 1485 2109 1684">
    <p class='ocr_par' dir='ltr' id='par_1_8' title="bbox 463 1485 2109 1684">
     <span class='ocr_line' id='line_1_25' title="bbox 464 1485 2108 1528; baseline 0 -13"><span class='ocrx_word' id='word_1_233' title='bbox 464 1486 615 1515; x_wconf 80' lang='lat' dir='ltr'>successi.</span> <span class='ocrx_word' id='word_1_234' title='bbox 663 1489 786 1515; x_wconf 83' lang='lat' dir='ltr'>vestros</span> <span class='ocrx_word' id='word_1_235' title='bbox 816 1486 940 1515; x_wconf 74' lang='lat' dir='ltr'>animos</span> <span class='ocrx_word' id='word_1_236' title='bbox 973 1497 1041 1516; x_wconf 79' lang='lat' dir='ltr'>snm</span> <span class='ocrx_word' id='word_1_237' title='bbox 1075 1491 1220 1517; x_wconf 78' lang='lat' dir='ltr'>secutus:</span> <span class='ocrx_word' id='word_1_238' title='bbox 1254 1488 1399 1528; x_wconf 84' lang='lat' dir='ltr'>praemia</span> <span class='ocrx_word' id='word_1_239' title='bbox 1430 1488 1507 1518; x_wconf 88' lang='lat' dir='ltr'>mihi</span> <span class='ocrx_word' id='word_1_240' title='bbox 1537 1488 1665 1517; x_wconf 86' lang='lat' dir='ltr'>fuerant</span> <span class='ocrx_word' id='word_1_241' title='bbox 1695 1486 1875 1517; x_wconf 81' lang='lat' dir='ltr'>reddenda.</span> <span class='ocrx_word' id='word_1_242' title='bbox 1908 1496 1970 1515; x_wconf 89' lang='lat' dir='ltr'>non</span> <span class='ocrx_word' id='word_1_243' title='bbox 1996 1485 2108 1516; x_wconf 86' lang='lat' dir='ltr'>laesio.</span> 
     </span>
     <span class='ocr_line' id='line_1_26' title="bbox 464 1537 2106 1581; baseline -0.001 -14"><span class='ocrx_word' id='word_1_244' title='bbox 464 1541 495 1567; x_wconf 84' lang='lat' dir='ltr'>et</span> <span class='ocrx_word' id='word_1_245' title='bbox 526 1537 598 1567; x_wconf 84' lang='lat' dir='ltr'>ideo</span> <span class='ocrx_word' id='word_1_246' title='bbox 632 1548 693 1567; x_wconf 88' lang='lat' dir='ltr'>non</span> <span class='ocrx_word' id='word_1_247' title='bbox 725 1541 864 1578; x_wconf 81' lang='lat' dir='ltr'>negetur</span> <span class='ocrx_word' id='word_1_248' title='bbox 888 1539 1005 1578; x_wconf 76' lang='lat' dir='ltr'>gratia.</span> <span class='ocrx_word' id='word_1_249' title='bbox 1038 1539 1088 1569; x_wconf 91' lang='lat' dir='ltr'>‹·ni</span> <span class='ocrx_word' id='word_1_250' title='bbox 1115 1540 1199 1569; x_wconf 83' lang='lat' dir='ltr'>nulla</span> <span class='ocrx_word' id='word_1_251' title='bbox 1227 1544 1300 1569; x_wconf 79' lang='lat' dir='ltr'>sunt</span> <span class='ocrx_word' id='word_1_252' title='bbox 1326 1539 1454 1580; x_wconf 83' lang='lat' dir='ltr'>penitus</span> <span class='ocrx_word' id='word_1_253' title='bbox 1481 1539 1678 1581; x_wconf 82' lang='lat' dir='ltr'>imputanda.</span> <span class='ocrx_word' id='word_1_254' title='bbox 1726 1541 1822 1579; x_wconf 82' lang='lat' dir='ltr'>atque</span> <span class='ocrx_word' id='word_1_255' title='bbox 1848 1537 1920 1567; x_wconf 90' lang='lat' dir='ltr'>ideo</span> <span class='ocrx_word' id='word_1_256' title='bbox 1946 1537 2106 1578; x_wconf 86' lang='lat' dir='ltr'>sepultum</span> 
     </span>
     <span class='ocr_line' id='line_1_27' title="bbox 465 1589 2109 1631; baseline 0.001 -14"><span class='ocrx_word' id='word_1_257' title='bbox 465 1589 505 1618; x_wconf 74' lang='lat' dir='ltr'>sit</span> <span class='ocrx_word' id='word_1_258' title='bbox 534 1589 639 1618; x_wconf 90' lang='lat' dir='ltr'>odium</span> <span class='ocrx_word' id='word_1_259' title='bbox 672 1600 742 1619; x_wconf 75' lang='lat' dir='ltr'>cuin</span> <span class='ocrx_word' id='word_1_260' title='bbox 777 1593 878 1620; x_wconf 83' lang='lat' dir='ltr'>morte</span> <span class='ocrx_word' id='word_1_261' title='bbox 910 1591 1083 1631; x_wconf 79' lang='lat' dir='ltr'>peccantis.</span> <span class='ocrx_word' id='word_1_262' title='bbox 1131 1602 1202 1620; x_wconf 80' lang='lat' dir='ltr'>nain</span> <span class='ocrx_word' id='word_1_263' title='bbox 1235 1592 1295 1621; x_wconf 80' lang='lat' dir='ltr'>etsi</span> <span class='ocrx_word' id='word_1_264' title='bbox 1328 1591 1367 1622; x_wconf 88' lang='lat' dir='ltr'>de</span> <span class='ocrx_word' id='word_1_265' title='bbox 1401 1592 1491 1621; x_wconf 83' lang='lat' dir='ltr'>vobis</span> <span class='ocrx_word' id='word_1_266' title='bbox 1524 1591 1643 1631; x_wconf 85' lang='lat' dir='ltr'>aliquid</span> <span class='ocrx_word' id='word_1_267' title='bbox 1673 1591 1778 1620; x_wconf 84' lang='lat' dir='ltr'>minus</span> <span class='ocrx_word' id='word_1_268' title='bbox 1811 1590 1892 1619; x_wconf 89' lang='lat' dir='ltr'>forte</span> <span class='ocrx_word' id='word_1_269' title='bbox 1916 1599 2109 1621; x_wconf 77' lang='lat' dir='ltr'>mereamur,</span> 
     </span>
     <span class='ocr_line' id='line_1_28' title="bbox 463 1640 2107 1684; baseline -0.001 -13"><span class='ocrx_word' id='word_1_270' title='bbox 463 1641 610 1671; x_wconf 79' lang='lat' dir='ltr'>Romana</span> <span class='ocrx_word' id='word_1_271' title='bbox 629 1640 760 1671; x_wconf 80' lang='lat' dir='ltr'>libertas</span> <span class='ocrx_word' id='word_1_272' title='bbox 778 1642 947 1682; x_wconf 76' lang='lat' dir='ltr'>cogitetur.</span> <span class='ocrx_word' id='word_1_273' title='bbox 973 1653 1053 1683; x_wconf 81' lang='lat' dir='ltr'>quae</span> <span class='ocrx_word' id='word_1_274' title='bbox 1072 1654 1128 1684; x_wconf 84' lang='lat' dir='ltr'>per</span> <span class='ocrx_word' id='word_1_275' title='bbox 1147 1643 1304 1673; x_wconf 76' lang='lat' dir='ltr'>bellorum</span> <span class='ocrx_word' id='word_1_276' title='bbox 1324 1644 1480 1673; x_wconf 85' lang='lat' dir='ltr'>tumultus</span> <span class='ocrx_word' id='word_1_277' title='bbox 1498 1644 1617 1684; x_wconf 85' lang='lat' dir='ltr'>ubique</span> <span class='ocrx_word' id='word_1_278' title='bbox 1636 1643 1825 1673; x_wconf 77' lang='lat' dir='ltr'>concutitur.</span> <span class='ocrx_word' id='word_1_279' title='bbox 1862 1651 1967 1682; x_wconf 84' lang='lat' dir='ltr'>pauca</span> <span class='ocrx_word' id='word_1_280' title='bbox 1984 1640 2107 1670; x_wconf 80' lang='lat' dir='ltr'>dixisse</span> 
     </span>
    </p>
   </div>
   <div class='ocr_carea' id='block_1_9' title="bbox 421 1693 2111 1963">
    <p class='ocr_par' dir='ltr' id='par_1_9' title="bbox 421 1693 2111 1963">
     <span class='ocr_line' id='line_1_29' title="bbox 421 1693 2109 1736; baseline 0.001 -15"><span class='ocrx_word' id='word_1_281' title='bbox 421 1700 437 1717; x_wconf 66' lang='grc' dir='ltr'>ι’-</span> <span class='ocrx_word' id='word_1_282' title='bbox 466 1693 642 1733; x_wconf 82' lang='lat' dir='ltr'>sapientiae</span> <span class='ocrx_word' id='word_1_283' title='bbox 661 1697 787 1723; x_wconf 86' lang='lat' dir='ltr'>vestrae</span> <span class='ocrx_word' id='word_1_284' title='bbox 806 1694 980 1727; x_wconf 77' lang='lat' dir='ltr'>sufficiunt,</span> <span class='ocrx_word' id='word_1_285' title='bbox 1007 1695 1077 1735; x_wconf 83' lang='lat' dir='ltr'>quia</span> <span class='ocrx_word' id='word_1_286' title='bbox 1099 1695 1130 1724; x_wconf 92' lang='lat' dir='ltr'>in</span> <span class='ocrx_word' id='word_1_287' title='bbox 1148 1695 1213 1724; x_wconf 82' lang='lat' dir='ltr'>alto</span> <span class='ocrx_word' id='word_1_288' title='bbox 1234 1702 1364 1736; x_wconf 85' lang='lat' dir='ltr'>pectore</span> <span class='ocrx_word' id='word_1_289' title='bbox 1383 1695 1596 1736; x_wconf 82' lang='lat' dir='ltr'>protenditur.</span> <span class='ocrx_word' id='word_1_290' title='bbox 1623 1694 1707 1736; x_wconf 90' lang='lat' dir='ltr'>quod</span> <span class='ocrx_word' id='word_1_291' title='bbox 1725 1693 1962 1724; x_wconf 81' lang='lat' dir='ltr'>consideratum</span> <span class='ocrx_word' id='word_1_292' title='bbox 1981 1702 2109 1733; x_wconf 88' lang='lat' dir='ltr'>semper</span> 
     </span>
     <span class='ocr_line' id='line_1_30' title="bbox 465 1748 611 1784; baseline -0.007 -10"><span class='ocrx_word' id='word_1_293' title='bbox 465 1748 611 1784; x_wconf 79' lang='lat' dir='ltr'>augetur.</span> 
     </span>
     <span class='ocr_line' id='line_1_31' title="bbox 1196 1840 1374 1870; baseline 0 0"><span class='ocrx_word' id='word_1_294' title='bbox 1196 1840 1374 1870; x_wconf 73' lang='lat' dir='ltr'>XXXHII.</span> 
     </span>
     <span class='ocr_line' id='line_1_32' title="bbox 932 1907 2111 1963; baseline 0.003 -26"><span class='ocrx_word' id='word_1_295' title='bbox 932 1907 1160 1939; x_wconf 69' lang='lat' dir='ltr'>EPISCOPIS</span> <span class='ocrx_word' id='word_1_296' title='bbox 1187 1908 1284 1940; x_wconf 78' lang='lat' dir='ltr'>SUIS</span> <span class='ocrx_word' id='word_1_297' title='bbox 1311 1909 1513 1940; x_wconf 75' lang='lat' dir='ltr'>VVlTlGls</span> <span class='ocrx_word' id='word_1_298' title='bbox 1538 1909 1640 1940; x_wconf 77' lang='lat' dir='ltr'>REX.</span> <span class='ocrx_word' id='word_1_299' title='bbox 1926 1924 2111 1963; x_wconf 34' lang='grc' dir='ltr'>(ιζ-,361537</span> 
     </span>
    </p>
   </div>
   <div class='ocr_carea' id='block_1_10' title="bbox 466 1974 2110 2328">
    <p class='ocr_par' dir='ltr' id='par_1_10' title="bbox 466 1974 2110 2328">
     <span class='ocr_line' id='line_1_33' title="bbox 570 1974 2109 2018; baseline -0.001 -13"><span class='ocrx_word' id='word_1_300' title='bbox 570 1975 603 2005; x_wconf 84' lang='lat' dir='ltr'>Si</span> <span class='ocrx_word' id='word_1_301' title='bbox 628 1975 851 2006; x_wconf 85' lang='lat' dir='ltr'>sacerdotibus</span> <span class='ocrx_word' id='word_1_302' title='bbox 877 1977 972 2006; x_wconf 85' lang='lat' dir='ltr'>etiam</span> <span class='ocrx_word' id='word_1_303' title='bbox 999 1977 1116 2017; x_wconf 88' lang='lat' dir='ltr'>ignotis</span> <span class='ocrx_word' id='word_1_304' title='bbox 1142 1977 1296 2008; x_wconf 78' lang='lat' dir='ltr'>honorem</span> <span class='ocrx_word' id='word_1_305' title='bbox 1322 1977 1493 2013; x_wconf 65' lang='lat' dir='ltr'>debemus„</span> <span class='ocrx_word' id='word_1_306' title='bbox 1518 1980 1638 2018; x_wconf 90' lang='lat' dir='ltr'>quanto</span> <span class='ocrx_word' id='word_1_307' title='bbox 1663 1977 1764 2017; x_wconf 82' lang='lat' dir='ltr'>magis</span> <span class='ocrx_word' id='word_1_308' title='bbox 1789 1976 1851 2006; x_wconf 89' lang='lat' dir='ltr'>illis</span> <span class='ocrx_word' id='word_1_309' title='bbox 1875 1986 1953 2017; x_wconf 88' lang='lat' dir='ltr'>quos</span> <span class='ocrx_word' id='word_1_310' title='bbox 1979 1974 2109 2005; x_wconf 85' lang='lat' dir='ltr'>amabili</span> 
     </span>
     <span class='ocr_line' id='line_1_34' title="bbox 467 2027 2108 2070; baseline -0.001 -13"><span class='ocrx_word' id='word_1_311' title='bbox 467 2027 675 2057; x_wconf 87' lang='lat' dir='ltr'>veneratione</span> <span class='ocrx_word' id='word_1_312' title='bbox 706 2028 948 2068; x_wconf 78' lang='lat' dir='ltr'>conspeximus!</span> <span class='ocrx_word' id='word_1_313' title='bbox 995 2029 1088 2059; x_wconf 86' lang='lat' dir='ltr'>aliter</span> <span class='ocrx_word' id='word_1_314' title='bbox 1122 2030 1205 2059; x_wconf 89' lang='lat' dir='ltr'>enim</span> <span class='ocrx_word' id='word_1_315' title='bbox 1236 2030 1427 2070; x_wconf 85' lang='lat' dir='ltr'>requirimus</span> <span class='ocrx_word' id='word_1_316' title='bbox 1461 2033 1571 2059; x_wconf 87' lang='lat' dir='ltr'>notum</span> <span class='ocrx_word' id='word_1_317' title='bbox 1597 2032 1628 2059; x_wconf 86' lang='lat' dir='ltr'>et</span> <span class='ocrx_word' id='word_1_318' title='bbox 1652 2029 1746 2059; x_wconf 83' lang='lat' dir='ltr'>aliter</span> <span class='ocrx_word' id='word_1_319' title='bbox 1771 2028 1974 2069; x_wconf 89' lang='lat' dir='ltr'>appellamus</span> <span class='ocrx_word' id='word_1_320' title='bbox 1998 2027 2108 2066; x_wconf 83' lang='lat' dir='ltr'>incog-</span> 
     </span>
     <span class='ocr_line' id='line_1_35' title="bbox 466 2077 2110 2121; baseline -0.001 -13"><span class='ocrx_word' id='word_1_321' title='bbox 466 2079 579 2108; x_wconf 88' lang='lat' dir='ltr'>nitum.</span> <span class='ocrx_word' id='word_1_322' title='bbox 627 2078 765 2108; x_wconf 90' lang='lat' dir='ltr'>visorum</span> <span class='ocrx_word' id='word_1_323' title='bbox 797 2080 900 2109; x_wconf 88' lang='lat' dir='ltr'>maior</span> <span class='ocrx_word' id='word_1_324' title='bbox 926 2090 1055 2121; x_wconf 82' lang='lat' dir='ltr'>semper</span> <span class='ocrx_word' id='word_1_325' title='bbox 1084 2081 1219 2111; x_wconf 81' lang='lat' dir='ltr'>affectus</span> <span class='ocrx_word' id='word_1_326' title='bbox 1252 2086 1315 2111; x_wconf 82' lang='lat' dir='ltr'>est.</span> <span class='ocrx_word' id='word_1_327' title='bbox 1349 2080 1421 2111; x_wconf 86' lang='lat' dir='ltr'>dnm</span> <span class='ocrx_word' id='word_1_328' title='bbox 1453 2081 1637 2121; x_wconf 81' lang='lat' dir='ltr'>gratissime</span> <span class='ocrx_word' id='word_1_329' title='bbox 1666 2081 1822 2110; x_wconf 86' lang='lat' dir='ltr'>retinetur</span> <span class='ocrx_word' id='word_1_330' title='bbox 1846 2079 1899 2120; x_wconf 89' lang='lat' dir='ltr'>qui</span> <span class='ocrx_word' id='word_1_331' title='bbox 1925 2077 2053 2109; x_wconf 88' lang='lat' dir='ltr'>assiduo</span> <span class='ocrx_word' id='word_1_332' title='bbox 2079 2081 2110 2107; x_wconf 89' lang='lat' dir='ltr'>et</span> 
     </span>
     <span class='ocr_line' id='line_1_36' title="bbox 467 2129 2108 2174; baseline 0 -15"><span class='ocrx_word' id='word_1_333' title='bbox 467 2130 557 2159; x_wconf 77' lang='lat' dir='ltr'>suavi</span> <span class='ocrx_word' id='word_1_334' title='bbox 582 2140 729 2160; x_wconf 78' lang='lat' dir='ltr'>sermone</span> <span class='ocrx_word' id='word_1_335' title='bbox 755 2131 967 2171; x_wconf 73' lang='lat' dir='ltr'>coniungitur.</span> <span class='ocrx_word' id='word_1_336' title='bbox 1005 2136 1035 2162; x_wconf 74' lang='lat' dir='ltr'>et</span> <span class='ocrx_word' id='word_1_337' title='bbox 1061 2132 1133 2163; x_wconf 88' lang='lat' dir='ltr'>ideo</span> <span class='ocrx_word' id='word_1_338' title='bbox 1159 2144 1215 2173; x_wconf 84' lang='lat' dir='ltr'>per</span> <span class='ocrx_word' id='word_1_339' title='bbox 1240 2133 1352 2163; x_wconf 78' lang='lat' dir='ltr'>haruin</span> <span class='ocrx_word' id='word_1_340' title='bbox 1370 2133 1540 2174; x_wconf 79' lang='lat' dir='ltr'>portitores</span> <span class='ocrx_word' id='word_1_341' title='bbox 1558 2133 1681 2173; x_wconf 81' lang='lat' dir='ltr'>legatos</span> <span class='ocrx_word' id='word_1_342' title='bbox 1700 2135 1834 2165; x_wconf 67' lang='lat' dir='ltr'>nostros,</span> <span class='ocrx_word' id='word_1_343' title='bbox 1860 2141 1939 2172; x_wconf 89' lang='lat' dir='ltr'>quos</span> <span class='ocrx_word' id='word_1_344' title='bbox 1961 2129 2001 2160; x_wconf 88' lang='lat' dir='ltr'>ad</span> <span class='ocrx_word' id='word_1_345' title='bbox 2019 2140 2108 2160; x_wconf 88' lang='lat' dir='ltr'>sere-</span> 
     </span>
     <span class='ocr_line' id='line_1_37' title="bbox 468 2181 2109 2226; baseline 0.001 -16"><span class='ocrx_word' id='word_1_346' title='bbox 468 2181 632 2211; x_wconf 79' lang='lat' dir='ltr'>nissimum</span> <span class='ocrx_word' id='word_1_347' title='bbox 659 2182 833 2223; x_wconf 75' lang='lat' dir='ltr'>principem</span> <span class='ocrx_word' id='word_1_348' title='bbox 860 2182 1101 2216; x_wconf 76' lang='lat' dir='ltr'>destinavimus.</span> <span class='ocrx_word' id='word_1_349' title='bbox 1128 2185 1291 2214; x_wconf 79' lang='lat' dir='ltr'>sanctitati</span> <span class='ocrx_word' id='word_1_350' title='bbox 1320 2189 1447 2215; x_wconf 81' lang='lat' dir='ltr'>vestrae</span> <span class='ocrx_word' id='word_1_351' title='bbox 1473 2188 1719 2226; x_wconf 84' lang='lat' dir='ltr'>praesentamus</span> <span class='ocrx_word' id='word_1_352' title='bbox 1745 2183 1875 2213; x_wconf 83' lang='lat' dir='ltr'>debitae</span> <span class='ocrx_word' id='word_1_353' title='bbox 1893 2181 2109 2212; x_wconf 85' lang='lat' dir='ltr'>venerationis</span> 
     </span>
     <span class='ocr_line' id='line_1_38' title="bbox 468 2233 2109 2276; baseline 0.001 -14"><span class='ocrx_word' id='word_1_354' title='bbox 468 2233 669 2273; x_wconf 77' lang='lat' dir='ltr'>obsequium.</span> <span class='ocrx_word' id='word_1_355' title='bbox 695 2238 874 2274; x_wconf 77' lang='lat' dir='ltr'>sperantes,</span> <span class='ocrx_word' id='word_1_356' title='bbox 900 2239 934 2265; x_wconf 88' lang='lat' dir='ltr'>ut</span> <span class='ocrx_word' id='word_1_357' title='bbox 955 2246 1012 2276; x_wconf 89' lang='lat' dir='ltr'>pro</span> <span class='ocrx_word' id='word_1_358' title='bbox 1031 2236 1123 2266; x_wconf 85' lang='lat' dir='ltr'>nobis</span> <span class='ocrx_word' id='word_1_359' title='bbox 1142 2246 1234 2266; x_wconf 81' lang='lat' dir='ltr'>orare</span> <span class='ocrx_word' id='word_1_360' title='bbox 1253 2236 1429 2276; x_wconf 79' lang='lat' dir='ltr'>dignemini</span> <span class='ocrx_word' id='word_1_361' title='bbox 1448 2240 1488 2267; x_wconf 77' lang='lat' dir='ltr'>et,</span> <span class='ocrx_word' id='word_1_362' title='bbox 1514 2236 1567 2266; x_wconf 89' lang='lat' dir='ltr'>nbi</span> <span class='ocrx_word' id='word_1_363' title='bbox 1584 2246 1662 2265; x_wconf 85' lang='lat' dir='ltr'>usus</span> <span class='ocrx_word' id='word_1_364' title='bbox 1681 2235 1837 2275; x_wconf 71' lang='lat' dir='ltr'>exegerit,</span> <span class='ocrx_word' id='word_1_365' title='bbox 1863 2234 1983 2264; x_wconf 83' lang='lat' dir='ltr'>solacia</span> <span class='ocrx_word' id='word_1_366' title='bbox 2001 2238 2109 2264; x_wconf 88' lang='lat' dir='ltr'>vestra</span> 
     </span>
     <span class='ocr_line' id='line_1_39' title="bbox 469 2285 2109 2328; baseline 0.001 -14"><span class='ocrx_word' id='word_1_367' title='bbox 469 2285 641 2325; x_wconf 71' lang='lat' dir='ltr'>reperiant.</span> <span class='ocrx_word' id='word_1_368' title='bbox 667 2285 741 2325; x_wconf 85' lang='lat' dir='ltr'>quia</span> <span class='ocrx_word' id='word_1_369' title='bbox 766 2296 901 2316; x_wconf 83' lang='lat' dir='ltr'>necesse</span> <span class='ocrx_word' id='word_1_370' title='bbox 926 2291 984 2323; x_wconf 67' lang='lat' dir='ltr'>est,</span> <span class='ocrx_word' id='word_1_371' title='bbox 1010 2292 1043 2317; x_wconf 86' lang='lat' dir='ltr'>ut</span> <span class='ocrx_word' id='word_1_372' title='bbox 1060 2288 1141 2317; x_wconf 89' lang='lat' dir='ltr'>bene</span> <span class='ocrx_word' id='word_1_373' title='bbox 1160 2288 1266 2318; x_wconf 74' lang='lat' dir='ltr'>velitis</span> <span class='ocrx_word' id='word_1_374' title='bbox 1285 2298 1364 2328; x_wconf 85' lang='lat' dir='ltr'>quos</span> <span class='ocrx_word' id='word_1_375' title='bbox 1382 2288 1473 2318; x_wconf 88' lang='lat' dir='ltr'>vobis</span> <span class='ocrx_word' id='word_1_376' title='bbox 1492 2288 1647 2327; x_wconf 84' lang='lat' dir='ltr'>religione</span> <span class='ocrx_word' id='word_1_377' title='bbox 1665 2287 1792 2317; x_wconf 87' lang='lat' dir='ltr'>iunctos</span> <span class='ocrx_word' id='word_1_378' title='bbox 1812 2297 1884 2317; x_wconf 86' lang='lat' dir='ltr'>esse</span> <span class='ocrx_word' id='word_1_379' title='bbox 1903 2285 2109 2326; x_wconf 84' lang='lat' dir='ltr'>cognoscitis.</span> 
     </span>
    </p>
   </div>
   <div class='ocr_carea' id='block_1_11' title="bbox 521 2356 628 2357">
    <p class='ocr_par' dir='ltr' id='par_1_11' title="bbox 521 2356 628 2357">
     <span class='ocr_line' id='line_1_40' title="bbox 521 2356 628 2357; baseline 0 0"><span class='ocrx_word' id='word_1_380' title='bbox 521 2356 628 2357; x_wconf 95' lang='lat' dir='ltr'> </span> 
     </span>
    </p>
   </div>
   <div class='ocr_carea' id='block_1_12' title="bbox 467 2396 2116 2811">
    <p class='ocr_par' dir='ltr' id='par_1_12' title="bbox 467 2396 2116 2811">
     <span class='ocr_line' id='line_1_41' title="bbox 570 2396 1693 2432; baseline 0.003 -12"><span class='ocrx_word' id='word_1_381' title='bbox 570 2396 857 2427; x_wconf 60' lang='lat' dir='ltr'>BZNKErlU:H(ffl)</span> <span class='ocrx_word' id='word_1_382' title='bbox 877 2408 924 2422; x_wconf 76' lang='lat'>0711.</span> <span class='ocrx_word' id='word_1_383' title='bbox 942 2408 978 2429; x_wconf 74' lang='lat' dir='ltr'>ep.</span> <span class='ocrx_word' id='word_1_384' title='bbox 994 2398 1034 2423; x_wconf 72' lang='lat'>32.</span> <span class='ocrx_word' id='word_1_385' title='bbox 1054 2398 1086 2422; x_wconf 78' lang='grc'>33</span> <span class='ocrx_word' id='word_1_386' title='bbox 1107 2404 1218 2430; x_wconf 67' lang='lat' dir='ltr'>(praeter</span> <span class='ocrx_word' id='word_1_387' title='bbox 1241 2399 1269 2422; x_wconf 69' lang='lat'>115</span> <span class='ocrx_word' id='word_1_388' title='bbox 1288 2400 1386 2423; x_wconf 79' lang='lat' dir='ltr'>dulcior</span> <span class='ocrx_word' id='word_1_389' title='bbox 1404 2413 1436 2416; x_wconf 94' lang='lat'>—</span> <span class='ocrx_word' id='word_1_390' title='bbox 1458 2399 1486 2423; x_wconf 66' lang='lat'>1?</span> <span class='ocrx_word' id='word_1_391' title='bbox 1507 2400 1639 2432; x_wconf 78' lang='lat' dir='ltr'>expiatas).</span> <span class='ocrx_word' id='word_1_392' title='bbox 1660 2398 1693 2423; x_wconf 80' lang='lat'>34</span> 
     </span>
     <span class='ocr_line' id='line_1_42' title="bbox 571 2473 2111 2508; baseline -0.001 -11"><span class='ocrx_word' id='word_1_393' title='bbox 571 2474 581 2497; x_wconf 97' lang='grc'>1</span> <span class='ocrx_word' id='word_1_394' title='bbox 603 2474 756 2506; x_wconf 76' lang='lat' dir='ltr'>reintegrare</span> <span class='ocrx_word' id='word_1_395' title='bbox 780 2475 867 2498; x_wconf 58' lang='lat' dir='ltr'>ls¹lvlt</span> <span class='ocrx_word' id='word_1_396' title='bbox 959 2477 1050 2499; x_wconf 74' lang='lat' dir='ltr'>ati&#39;cctu</span> <span class='ocrx_word' id='word_1_397' title='bbox 1072 2476 1098 2499; x_wconf 92' lang='grc' dir='ltr'><em>Κ</em></span> <span class='ocrx_word' id='word_1_398' title='bbox 1189 2476 1242 2508; x_wconf 79' lang='lat' dir='ltr'>qui]</span> <span class='ocrx_word' id='word_1_399' title='bbox 1263 2485 1337 2507; x_wconf 83' lang='lat' dir='ltr'>quem</span> <span class='ocrx_word' id='word_1_400' title='bbox 1359 2476 1410 2500; x_wconf 76' lang='lat' dir='ltr'>EF</span> <span class='ocrx_word' id='word_1_401' title='bbox 1533 2476 1548 2500; x_wconf 72' lang='grc'>2</span> <span class='ocrx_word' id='word_1_402' title='bbox 1568 2477 1683 2500; x_wconf 81' lang='lat' dir='ltr'>salutans</span> <span class='ocrx_word' id='word_1_403' title='bbox 1703 2476 1741 2500; x_wconf 59' lang='grc' dir='ltr'>,Ι1η</span> <span class='ocrx_word' id='word_1_404' title='bbox 1866 2474 1882 2499; x_wconf 85' lang='grc'>3</span> <span class='ocrx_word' id='word_1_405' title='bbox 1902 2478 1999 2499; x_wconf 79' lang='lat' dir='ltr'>nostros</span> <span class='ocrx_word' id='word_1_406' title='bbox 2019 2482 2066 2497; x_wconf 83' lang='lat' dir='ltr'>om.</span> <span class='ocrx_word' id='word_1_407' title='bbox 2086 2473 2111 2496; x_wconf 84' lang='lat' dir='ltr'><em>B</em></span> 
     </span>
     <span class='ocr_line' id='line_1_43' title="bbox 467 2516 2110 2551; baseline -0.001 -10"><span class='ocrx_word' id='word_1_408' title='bbox 467 2517 481 2540; x_wconf 87' lang='grc'>4</span> <span class='ocrx_word' id='word_1_409' title='bbox 502 2517 654 2548; x_wconf 77' lang='lat' dir='ltr'>sapientiam</span> <span class='ocrx_word' id='word_1_410' title='bbox 678 2518 735 2547; x_wconf 67' lang='lat' dir='ltr'>(sic)</span> <span class='ocrx_word' id='word_1_411' title='bbox 755 2518 779 2541; x_wconf 76' lang='lat' dir='ltr'><em>Z</em></span> <span class='ocrx_word' id='word_1_412' title='bbox 907 2518 919 2542; x_wconf 80' lang='grc' dir='ltr'>Ῑ</span> <span class='ocrx_word' id='word_1_413' title='bbox 940 2520 1081 2543; x_wconf 69' lang='lat' dir='ltr'>serenitatis</span> <span class='ocrx_word' id='word_1_414' title='bbox 1101 2519 1176 2542; x_wconf 64' lang='grc' dir='ltr'>ΒΖΝ</span> <span class='ocrx_word' id='word_1_415' title='bbox 1270 2519 1356 2551; x_wconf 77' lang='lat' dir='ltr'>uerbo]</span> <span class='ocrx_word' id='word_1_416' title='bbox 1387 2520 1471 2543; x_wconf 79' lang='lat' dir='ltr'>libello</span> <span class='ocrx_word' id='word_1_417' title='bbox 1492 2519 1519 2543; x_wconf 97' lang='grc' dir='ltr'><em>Κ</em></span> <span class='ocrx_word' id='word_1_418' title='bbox 1647 2520 1662 2542; x_wconf 68' lang='lat'>‘0&#39;</span> <span class='ocrx_word' id='word_1_419' title='bbox 1682 2519 1834 2550; x_wconf 79' lang='lat' dir='ltr'>pertingeret</span> <span class='ocrx_word' id='word_1_420' title='bbox 1853 2518 1905 2547; x_wconf 75' lang='lat' dir='ltr'>E¹‚</span> <span class='ocrx_word' id='word_1_421' title='bbox 1933 2517 2067 2548; x_wconf 79' lang='lat' dir='ltr'>stringeret</span> <span class='ocrx_word' id='word_1_422' title='bbox 2087 2516 2110 2539; x_wconf 74' lang='grc' dir='ltr'><strong><em>Α</em></strong></span> 
     </span>
     <span class='ocr_line' id='line_1_44' title="bbox 470 2559 2115 2594; baseline 0.002 -11"><span class='ocrx_word' id='word_1_423' title='bbox 470 2560 498 2583; x_wconf 94' lang='grc'>11</span> <span class='ocrx_word' id='word_1_424' title='bbox 519 2560 680 2583; x_wconf 76' lang='lat' dir='ltr'>salutationis</span> <span class='ocrx_word' id='word_1_425' title='bbox 699 2560 727 2584; x_wconf 81' lang='lat' dir='ltr'><em>F</em></span> <span class='ocrx_word' id='word_1_426' title='bbox 788 2561 811 2584; x_wconf 86' lang='lat' dir='ltr'>in</span> <span class='ocrx_word' id='word_1_427' title='bbox 832 2570 878 2585; x_wconf 76' lang='lat' dir='ltr'>om.</span> <span class='ocrx_word' id='word_1_428' title='bbox 901 2562 939 2585; x_wconf 76' lang='grc' dir='ltr'>Κι</span> <span class='ocrx_word' id='word_1_429' title='bbox 1007 2563 1062 2585; x_wconf 81' lang='lat' dir='ltr'>ben.</span> <span class='ocrx_word' id='word_1_430' title='bbox 1083 2566 1158 2586; x_wconf 86' lang='lat' dir='ltr'>uestr.</span> <span class='ocrx_word' id='word_1_431' title='bbox 1180 2562 1207 2585; x_wconf 88' lang='grc' dir='ltr'><em>Κ</em></span> <span class='ocrx_word' id='word_1_432' title='bbox 1312 2561 1341 2586; x_wconf 73' lang='grc'>12</span> <span class='ocrx_word' id='word_1_433' title='bbox 1360 2563 1534 2594; x_wconf 80' lang='lat' dir='ltr'>deportaretur</span> <span class='ocrx_word' id='word_1_434' title='bbox 1553 2563 1610 2586; x_wconf 79' lang='lat' dir='ltr'>coll.</span> <span class='ocrx_word' id='word_1_435' title='bbox 1629 2563 1734 2586; x_wconf 74' lang='lat' dir='ltr'>affectus</span> <span class='ocrx_word' id='word_1_436' title='bbox 1754 2562 1776 2584; x_wconf 52' lang='grc'>11</span> <span class='ocrx_word' id='word_1_437' title='bbox 1880 2560 1910 2585; x_wconf 81' lang='grc'>14</span> <span class='ocrx_word' id='word_1_438' title='bbox 1929 2561 2043 2585; x_wconf 74' lang='lat' dir='ltr'>animum</span> <span class='ocrx_word' id='word_1_439' title='bbox 2062 2559 2115 2583; x_wconf 80' lang='lat' dir='ltr'>EF</span> 
     </span>
     <span class='ocr_line' id='line_1_45' title="bbox 469 2601 2114 2637; baseline 0 -11"><span class='ocrx_word' id='word_1_440' title='bbox 469 2602 499 2627; x_wconf 73' lang='grc'>15</span> <span class='ocrx_word' id='word_1_441' title='bbox 518 2603 660 2635; x_wconf 77' lang='lat' dir='ltr'>sapientum</span> <span class='ocrx_word' id='word_1_442' title='bbox 682 2603 734 2626; x_wconf 83' lang='lat' dir='ltr'>EF</span> <span class='ocrx_word' id='word_1_443' title='bbox 809 2605 881 2628; x_wconf 76' lang='lat' dir='ltr'>nobis</span> <span class='ocrx_word' id='word_1_444' title='bbox 901 2604 938 2628; x_wconf 57' lang='lat'>13¹¹</span> <span class='ocrx_word' id='word_1_445' title='bbox 1019 2606 1147 2629; x_wconf 80' lang='lat' dir='ltr'>debuisset</span> <span class='ocrx_word' id='word_1_446' title='bbox 1167 2605 1194 2628; x_wconf 81' lang='lat' dir='ltr'><em>F</em></span> <span class='ocrx_word' id='word_1_447' title='bbox 1308 2605 1337 2628; x_wconf 74' lang='lat' dir='ltr'>lb·</span> <span class='ocrx_word' id='word_1_448' title='bbox 1357 2606 1469 2637; x_wconf 77' lang='lat' dir='ltr'>poteritis</span> <span class='ocrx_word' id='word_1_449' title='bbox 1490 2605 1517 2629; x_wconf 87' lang='grc' dir='ltr'><em>Κ</em></span> <span class='ocrx_word' id='word_1_450' title='bbox 1592 2606 1696 2637; x_wconf 79' lang='lat' dir='ltr'>gratiter</span> <span class='ocrx_word' id='word_1_451' title='bbox 1717 2605 1754 2628; x_wconf 75' lang='grc' dir='ltr'>Ε1</span> <span class='ocrx_word' id='word_1_452' title='bbox 1874 2603 1903 2628; x_wconf 75' lang='grc' dir='ltr'>ῙῙ</span> <span class='ocrx_word' id='word_1_453' title='bbox 1923 2613 1961 2628; x_wconf 85' lang='lat' dir='ltr'>eu.</span> <span class='ocrx_word' id='word_1_454' title='bbox 1983 2611 2037 2627; x_wconf 81' lang='lat' dir='ltr'>uos.</span> <span class='ocrx_word' id='word_1_455' title='bbox 2058 2601 2114 2626; x_wconf 75' lang='lat' dir='ltr'>NK</span> 
     </span>
     <span class='ocr_line' id='line_1_46' title="bbox 521 2645 2110 2680; baseline 0.001 -11"><span class='ocrx_word' id='word_1_456' title='bbox 521 2646 626 2677; x_wconf 79' lang='lat' dir='ltr'>ignarus</span> <span class='ocrx_word' id='word_1_457' title='bbox 638 2646 691 2669; x_wconf 77' lang='lat' dir='ltr'>EF</span> <span class='ocrx_word' id='word_1_458' title='bbox 783 2646 813 2670; x_wconf 67' lang='lat'>18</span> <span class='ocrx_word' id='word_1_459' title='bbox 833 2652 932 2671; x_wconf 81' lang='lat' dir='ltr'>uestrae</span> <span class='ocrx_word' id='word_1_460' title='bbox 951 2658 998 2671; x_wconf 80' lang='lat'><em>0111.</em></span> <span class='ocrx_word' id='word_1_461' title='bbox 1015 2648 1042 2671; x_wconf 70' lang='lat' dir='ltr'><em>N</em></span> <span class='ocrx_word' id='word_1_462' title='bbox 1100 2647 1203 2679; x_wconf 68' lang='lat' dir='ltr'>nobilia]</span> <span class='ocrx_word' id='word_1_463' title='bbox 1220 2648 1251 2675; x_wconf 74' lang='grc' dir='ltr'>Β,</span> <span class='ocrx_word' id='word_1_464' title='bbox 1270 2649 1393 2672; x_wconf 74' lang='lat' dir='ltr'>nobilium</span> <span class='ocrx_word' id='word_1_465' title='bbox 1408 2648 1560 2672; x_wconf 63' lang='lat' dir='ltr'>ZXA&#39;EFA</span> <span class='ocrx_word' id='word_1_466' title='bbox 1621 2657 1656 2680; x_wconf 86' lang='lat' dir='ltr'>pr.</span> <span class='ocrx_word' id='word_1_467' title='bbox 1676 2647 1753 2679; x_wconf 64' lang='lat' dir='ltr'>conr]</span> <span class='ocrx_word' id='word_1_468' title='bbox 1769 2647 1826 2673; x_wconf 65' lang='lat' dir='ltr'>BF,</span> <span class='ocrx_word' id='word_1_469' title='bbox 1846 2648 1912 2671; x_wconf 82' lang='lat' dir='ltr'>cord.</span> <span class='ocrx_word' id='word_1_470' title='bbox 1933 2656 1967 2678; x_wconf 85' lang='lat' dir='ltr'>pr.</span> <span class='ocrx_word' id='word_1_471' title='bbox 1984 2645 2110 2670; x_wconf 71' lang='lat' dir='ltr'><em>ZXKEA</em></span> 
     </span>
     <span class='ocr_line' id='line_1_47' title="bbox 471 2688 2110 2722; baseline 0.001 -11"><span class='ocrx_word' id='word_1_472' title='bbox 471 2688 500 2712; x_wconf 69' lang='lat'>19</span> <span class='ocrx_word' id='word_1_473' title='bbox 523 2689 645 2712; x_wconf 77' lang='lat' dir='ltr'>desiderio</span> <span class='ocrx_word' id='word_1_474' title='bbox 659 2688 700 2712; x_wconf 72' lang='lat' dir='ltr'>Ba</span> <span class='ocrx_word' id='word_1_475' title='bbox 787 2690 819 2712; x_wconf 65' lang='lat'>211</span> <span class='ocrx_word' id='word_1_476' title='bbox 838 2690 912 2713; x_wconf 84' lang='lat' dir='ltr'>aliter</span> <span class='ocrx_word' id='word_1_477' title='bbox 932 2691 974 2713; x_wconf 47' lang='grc' dir='ltr'>ΗΛ</span> <span class='ocrx_word' id='word_1_478' title='bbox 1032 2692 1117 2715; x_wconf 71' lang='lat' dir='ltr'>odiosa</span> <span class='ocrx_word' id='word_1_479' title='bbox 1138 2691 1167 2713; x_wconf 71' lang='lat' dir='ltr'><em>X</em></span> <span class='ocrx_word' id='word_1_480' title='bbox 1219 2690 1286 2722; x_wconf 83' lang='lat' dir='ltr'>cuin]</span> <span class='ocrx_word' id='word_1_481' title='bbox 1307 2700 1365 2715; x_wconf 87' lang='lat' dir='ltr'>eum</span> <span class='ocrx_word' id='word_1_482' title='bbox 1385 2691 1435 2714; x_wconf 65' lang='grc' dir='ltr'>ΖΝ</span> <span class='ocrx_word' id='word_1_483' title='bbox 1519 2691 1549 2715; x_wconf 73' lang='grc'>21</span> <span class='ocrx_word' id='word_1_484' title='bbox 1571 2692 1686 2715; x_wconf 81' lang='lat' dir='ltr'>succensi</span> <span class='ocrx_word' id='word_1_485' title='bbox 1700 2691 1729 2714; x_wconf 75' lang='lat' dir='ltr'><em>X</em></span> <span class='ocrx_word' id='word_1_486' title='bbox 1778 2692 1881 2715; x_wconf 80' lang='lat' dir='ltr'>fuerunt</span> <span class='ocrx_word' id='word_1_487' title='bbox 1899 2690 1942 2714; x_wconf 71' lang='lat' dir='ltr'>Ba</span> <span class='ocrx_word' id='word_1_488' title='bbox 1995 2690 2051 2713; x_wconf 86' lang='lat' dir='ltr'>lesit</span> <span class='ocrx_word' id='word_1_489' title='bbox 2071 2688 2110 2712; x_wconf 84' lang='lat' dir='ltr'>E¹</span> 
     </span>
     <span class='ocr_line' id='line_1_48' title="bbox 468 2731 2110 2765; baseline 0.002 -10"><span class='ocrx_word' id='word_1_490' title='bbox 468 2731 500 2755; x_wconf 68' lang='lat'>22</span> <span class='ocrx_word' id='word_1_491' title='bbox 520 2740 575 2763; x_wconf 84' lang='lat' dir='ltr'>pen.</span> <span class='ocrx_word' id='word_1_492' title='bbox 595 2736 655 2755; x_wconf 76' lang='lat' dir='ltr'>sunt</span> <span class='ocrx_word' id='word_1_493' title='bbox 674 2732 696 2755; x_wconf 68' lang='lat' dir='ltr'>A</span> <span class='ocrx_word' id='word_1_494' title='bbox 772 2733 833 2756; x_wconf 78' lang='lat' dir='ltr'>adeo</span> <span class='ocrx_word' id='word_1_495' title='bbox 853 2733 875 2755; x_wconf 42' lang='lat'>21</span> <span class='ocrx_word' id='word_1_496' title='bbox 988 2733 1020 2757; x_wconf 61' lang='lat'>25}</span> <span class='ocrx_word' id='word_1_497' title='bbox 1039 2733 1080 2765; x_wconf 85' lang='lat' dir='ltr'>sit]</span> <span class='ocrx_word' id='word_1_498' title='bbox 1101 2734 1120 2757; x_wconf 91' lang='lat' dir='ltr'>it</span> <span class='ocrx_word' id='word_1_499' title='bbox 1139 2733 1179 2757; x_wconf 61' lang='lat'>1³¹</span> <span class='ocrx_word' id='word_1_500' title='bbox 1257 2734 1288 2757; x_wconf 81' lang='lat' dir='ltr'>al.</span> <span class='ocrx_word' id='word_1_501' title='bbox 1308 2735 1371 2758; x_wconf 76' lang='lat' dir='ltr'>sorte</span> <span class='ocrx_word' id='word_1_502' title='bbox 1391 2735 1450 2758; x_wconf 89' lang='lat' dir='ltr'>min.</span> <span class='ocrx_word' id='word_1_503' title='bbox 1471 2734 1503 2764; x_wconf 72' lang='lat' dir='ltr'>N,</span> <span class='ocrx_word' id='word_1_504' title='bbox 1523 2735 1582 2758; x_wconf 80' lang='lat' dir='ltr'>inin.</span> <span class='ocrx_word' id='word_1_505' title='bbox 1600 2735 1630 2758; x_wconf 84' lang='lat' dir='ltr'>al.</span> <span class='ocrx_word' id='word_1_506' title='bbox 1651 2736 1756 2758; x_wconf 84' lang='lat' dir='ltr'>sortasse</span> <span class='ocrx_word' id='word_1_507' title='bbox 1779 2735 1804 2758; x_wconf 86' lang='grc' dir='ltr'><em>Κ</em></span> <span class='ocrx_word' id='word_1_508' title='bbox 1911 2734 1944 2758; x_wconf 71' lang='grc'>24</span> <span class='ocrx_word' id='word_1_509' title='bbox 1965 2736 2067 2760; x_wconf 85' lang='lat' dir='ltr'>ubertas</span> <span class='ocrx_word' id='word_1_510' title='bbox 2087 2734 2110 2759; x_wconf 66' lang='lat' dir='ltr'><em>A</em></span> 
     </span>
     <span class='ocr_line' id='line_1_49' title="bbox 467 2773 2116 2811; baseline 0.003 -14"><span class='ocrx_word' id='word_1_511' title='bbox 467 2773 500 2798; x_wconf 72' lang='lat'>25)</span> <span class='ocrx_word' id='word_1_512' title='bbox 519 2775 646 2798; x_wconf 83' lang='lat' dir='ltr'>sufficiant</span> <span class='ocrx_word' id='word_1_513' title='bbox 666 2775 692 2798; x_wconf 72' lang='grc' dir='ltr'><em>Γ</em></span> <span class='ocrx_word' id='word_1_514' title='bbox 745 2775 796 2799; x_wconf 82' lang='lat' dir='ltr'>alto</span> <span class='ocrx_word' id='word_1_515' title='bbox 815 2776 924 2807; x_wconf 73' lang='lat' dir='ltr'>pectore}</span> <span class='ocrx_word' id='word_1_516' title='bbox 944 2777 993 2800; x_wconf 83' lang='lat' dir='ltr'>alio</span> <span class='ocrx_word' id='word_1_517' title='bbox 1013 2782 1123 2808; x_wconf 87' lang='lat' dir='ltr'>tempore</span> <span class='ocrx_word' id='word_1_518' title='bbox 1144 2777 1183 2800; x_wconf 59' lang='grc' dir='ltr'>ΕΙ</span> <span class='ocrx_word' id='word_1_519' title='bbox 1276 2778 1309 2800; x_wconf 67' lang='grc'>’.315</span> <span class='ocrx_word' id='word_1_520' title='bbox 1328 2777 1464 2810; x_wconf 78' lang='lat' dir='ltr'>incognitis</span> <span class='ocrx_word' id='word_1_521' title='bbox 1485 2777 1512 2801; x_wconf 66' lang='lat' dir='ltr'><em>ff</em></span> <span class='ocrx_word' id='word_1_522' title='bbox 1598 2776 1630 2801; x_wconf 72' lang='grc'>29</span> <span class='ocrx_word' id='word_1_523' title='bbox 1649 2781 1673 2801; x_wconf 87' lang='lat' dir='ltr'>et</span> <span class='ocrx_word' id='word_1_524' title='bbox 1691 2786 1737 2801; x_wconf 81' lang='lat' dir='ltr'>om.</span> <span class='ocrx_word' id='word_1_525' title='bbox 1758 2778 1786 2802; x_wconf 79' lang='lat' dir='ltr'><em>F</em></span> <span class='ocrx_word' id='word_1_526' title='bbox 1871 2777 1905 2803; x_wconf 84' lang='lat'>30</span> <span class='ocrx_word' id='word_1_527' title='bbox 1923 2787 2000 2811; x_wconf 84' lang='lat' dir='ltr'>semp.</span> <span class='ocrx_word' id='word_1_528' title='bbox 2014 2779 2071 2802; x_wconf 87' lang='lat' dir='ltr'>mai.</span> <span class='ocrx_word' id='word_1_529' title='bbox 2087 2778 2116 2802; x_wconf 86' lang='lat' dir='ltr'><strong><em>N</em></strong></span> 
     </span>
    </p>
   </div>
   <div class='ocr_carea' id='block_1_13' title="bbox 469 2816 1173 2852">
    <p class='ocr_par' dir='ltr' id='par_1_13' title="bbox 469 2816 1173 2852">
     <span class='ocr_line' id='line_1_50' title="bbox 469 2816 1173 2852; baseline 0.006 -12"><span class='ocrx_word' id='word_1_530' title='bbox 469 2816 502 2841; x_wconf 79' lang='grc'>33</span> <span class='ocrx_word' id='word_1_531' title='bbox 521 2822 606 2841; x_wconf 71' lang='lat' dir='ltr'>nostra</span> <span class='ocrx_word' id='word_1_532' title='bbox 627 2818 648 2840; x_wconf 74' lang='lat' dir='ltr'><em>A</em></span> <span class='ocrx_word' id='word_1_533' title='bbox 755 2817 787 2842; x_wconf 63' lang='lat'>534</span> <span class='ocrx_word' id='word_1_534' title='bbox 807 2819 878 2842; x_wconf 84' lang='lat' dir='ltr'>nobis</span> <span class='ocrx_word' id='word_1_535' title='bbox 898 2819 936 2842; x_wconf 80' lang='lat' dir='ltr'>E¹</span> <span class='ocrx_word' id='word_1_536' title='bbox 1009 2821 1110 2852; x_wconf 79' lang='lat' dir='ltr'>regione</span> <span class='ocrx_word' id='word_1_537' title='bbox 1131 2820 1173 2844; x_wconf 56' lang='lat' dir='ltr'>Na</span> 
     </span>
    </p>
   </div>
  </div>
 </body>
</html>
