2279 3261
398 175 433 198 VI
1113 172 1339 199 PROOEMIVM.

604 267 787 298 sententiam
810 277 867 308 pro
890 266 1049 298 allecticiis
1072 266 1105 296 in
1128 270 1236 297 senatu
1259 270 1461 309 parentesque
1484 279 1557 299 suos
1581 264 1719 300 imitatus
1743 269 1904 300 historiam
1927 280 2049 311 quoque

604 326 777 358 Romanam
802 331 920 369 septem
943 326 1031 358 libris
1055 326 1161 358 edidit.

444 399 467 417 ιο
553 386 704 418 Boethius
729 386 931 428 dignitatibus
955 387 1085 418 summis
1109 387 1253 418 excelluit
1276 391 1406 429 utraque
1428 388 1535 430 lingua
1557 389 1763 431 peritissimus
1787 394 1891 420 orator
1906 389 1973 420 fuit.
1996 389 2049 430 qui

604 457 706 487 regem
722 446 947 478 Theodericum
971 447 1002 478 in
1027 451 1134 478 senatu
1150 458 1207 489 pro
1224 447 1388 479 consulatu
1405 448 1538 480 filiorum
1562 448 1718 480 luculenta
1741 449 1879 480 oratione
1901 448 2049 480 laudavit.

606 505 731 547 scripsit
753 506 868 537 librum
891 505 929 537 de
953 511 1059 537 sancta
1076 506 1212 537 trinitate
1230 511 1261 537 et
1276 507 1379 548 capita
1397 507 1550 549 quaedam
1566 507 1742 550 dogmatica
1765 513 1794 539 et
1815 509 1929 540 librum
1944 512 2051 540 contra

605 565 793 596 Nestorium.
821 565 961 596 condidit
990 570 1020 597 et
1048 576 1170 596 carmen
1203 566 1387 598 bucolicum.
1420 566 1474 598 sed
1503 567 1534 598 in
1562 578 1654 610 opere
1683 568 1757 599 artis
1785 568 1919 610 logicae,
1948 568 1979 599 id
2003 572 2050 599 est

607 625 794 664 dialecticae,
809 625 1022 657 transferendo
1039 637 1074 657 ac
1089 626 1316 657 mathematicis
1331 626 1506 669 disciplinis
1523 627 1594 659 talis
1611 628 1678 667 fuit,
1698 632 1734 659 ut
1748 628 1893 670 antiquos
1910 633 2050 660 auctores

443 700 466 718 15
609 690 663 717 aut
686 686 898 728 aequiperaret
920 691 974 717 aut
997 686 1142 718 vinceret.

555 746 764 778 Cassiodorus
788 746 920 779 Senator
942 748 991 779 vir
1013 747 1242 779 eruditissimus
1265 752 1295 779 et
1318 748 1422 779 multis
1447 748 1652 790 dignitatibus
1675 749 1796 791 pollens
1819 748 1941 781 iuvenis
1966 747 2053 787 adeo,

608 806 683 838 dum
705 807 803 849 patris
825 807 1005 839 Cassiodori
1028 808 1150 850 patricii
1174 812 1204 838 et
1226 807 1373 849 praefecti
1397 808 1542 850 praetorii
1567 808 1761 840 consiliarius
1784 809 1871 840 fieret
1892 813 1923 840 et
1944 808 2052 840 laudes

608 867 794 899 Theoderici
817 868 898 909 regis
922 867 1099 899 Gothorum
1122 867 1344 900 facundissime
1368 869 1546 908 recitasset,
1578 869 1617 900 ab
1646 880 1682 901 eo
1710 873 1854 911 quaestor
1875 873 1923 900 est
1945 869 2053 908 factus,

611 928 760 970 patricius
784 932 814 959 et
837 929 944 960 consul
969 928 1157 968 ordinarius,
1188 929 1390 971 postmodum
1414 929 1524 961 dehinc
1549 930 1696 972 magister
1718 930 1888 962 officiorum
1913 934 1943 961 et
1965 940 2053 972 prae-

445 1002 470 1021 211
609 989 708 1020 fectus
732 990 895 1031 praetorio.
937 990 1093 1031 suggessit
1118 989 1268 1022 formulas
1293 990 1477 1029 dictionum,
1509 1001 1586 1033 quas
1609 991 1641 1022 in
1665 990 1829 1022 duodecim
1855 990 1943 1022 libris
1972 989 2055 1022 ordi-

610 1049 698 1081 navit
728 1054 758 1081 et
786 1051 944 1082 variarum
976 1050 1101 1081 titulum
1132 1050 1339 1093 superposuit.
1372 1051 1496 1093 scripsit
1525 1051 1732 1093 praecipiente
1760 1050 1953 1082 Theoderico
1984 1061 2054 1092 rege

608 1109 771 1141 historiam
795 1110 962 1142 Gothicam
985 1110 1135 1152 originem
1158 1122 1265 1142 eorum
1288 1115 1317 1142 et
1339 1110 1407 1142 loca
1431 1122 1530 1143 mores
1554 1111 1586 1142 in
1609 1111 1698 1143 libris
1722 1111 1896 1142 enuntians.

506 1170 643 1202 Nomina
659 1170 794 1202 auctoris
811 1170 967 1202 variarum
991 1170 1112 1202 codices
1136 1175 1166 1202 et
1188 1171 1324 1202 familiae
1346 1171 1464 1213 primae
1487 1182 1597 1213 agmen
1620 1171 1751 1202 ducente
1767 1170 2055 1213 Montispessulano

403 1235 433 1261 ct
455 1231 485 1261 in
510 1231 645 1262 secunda
668 1231 763 1269 solus,
786 1230 841 1261 sed
865 1231 1003 1261 omnium
1028 1231 1165 1273 optimus
1182 1230 1345 1262 Leidensis
1362 1231 1439 1262 etin
1456 1235 1565 1273 quarta
1589 1242 1660 1262 cum
1683 1231 1736 1263 alii
1760 1234 1826 1262 tum
1841 1230 2055 1262 Bruxeliensis

403 1290 494 1332 longe
516 1291 682 1333 primarius
707 1295 859 1322 testantur
881 1291 978 1322 fuisse
1001 1292 1117 1331 Mamm·
1140 1291 1267 1323 Aurelii
1293 1291 1474 1324 Cassioclori
1497 1292 1674 1325 Senatoris.
1710 1303 1808 1334 neque
1832 1291 1982 1323 differunt
2003 1291 2056 1333 qui

404 1351 549 1382 chronica
571 1351 709 1383 eiusdem
733 1351 848 1391 (chron.
865 1352 956 1383 vot-2
974 1364 1002 1394 p.
1018 1353 1200 1391 108-161)
1224 1350 1428 1384 servaverunt
1454 1352 1524 1384 libri
1555 1353 1672 1394 scripti.
1717 1352 1836 1383 accedit
1857 1352 1997 1383 Flavius
2019 1362 2057 1383 ex

407 1411 540 1453 epistula
557 1411 735 1453 Symmachi
759 1423 859 1454 papae
875 1411 949 1443 data
965 1412 1028 1443 ΙΙΙ
1041 1412 1081 1442 id.
1099 1413 1172 1443 Izan.
1190 1412 1308 1444 Flavio
1325 1413 1474 1445 Senatore
1497 1424 1523 1446 r.
1541 1424 1565 1445 c.
1583 1424 1641 1445 eos.
1654 1414 1674 1452 ¹)
1719 1413 1751 1444 in
1775 1412 2057 1455 subscriptionibus

406 1483 533 1514 operum
561 1472 857 1511 ecelesiasticorum,
886 1473 1003 1503 scilicet
1025 1473 1303 1512 institutionum‚2)
1336 1473 1588 1516 orthographiae,
1618 1473 1830 1505 commentarii
1857 1473 1889 1504 in
1913 1473 2060 1515 psalmos,

407 1532 670 1574 complexionum,
699 1533 791 1564 ctiam
815 1532 961 1564 historiae
985 1533 1172 1575 tripartitae,
1202 1545 1263 1564 non
1287 1534 1461 1576 appellatur
1483 1534 1543 1565 nisi
1571 1533 1778 1565 Cassiodorus
1801 1533 1943 1565 Senator.
1987 1533 2059 1565 fasti

407 1593 583 1625 consulares
611 1593 676 1624 eius
705 1593 814 1624 aetatis
843 1604 949 1624 omnes
978 1598 1041 1624 tam
1069 1592 1251 1624 Occidentis
1280 1605 1374 1636 quam
1397 1593 1551 1632 Orientis,
1582 1594 1656 1625 item
1687 1594 1810 1626 chartae
1836 1593 1979 1636 titulique
2006 1593 2060 1636 qui

407 1664 476 1684 eum
500 1657 658 1695 tamquam
686 1665 873 1696 eponymum
897 1665 923 1685 a.
940 1655 1002 1686 514
1031 1654 1228 1693 nominant,³)
1259 1653 1392 1696 denique
1415 1654 1519 1686 variae
1546 1655 1632 1697 ipsae
1661 1666 1732 1686 cum
1760 1655 1792 1686 in
1820 1654 1908 1686 libris
1937 1653 2059 1685 duobus

407 1714 566 1752 extremis,
603 1714 715 1755 quibus
751 1714 901 1757 epistulae
937 1715 1134 1746 continentur
1167 1715 1266 1758 ipsius
1302 1716 1425 1747 nomine
1456 1716 1636 1758 inscriptae,
1671 1720 1737 1747 tum
1768 1715 1821 1746 ubi
1851 1715 1882 1746 in
1918 1715 2061 1757 epistulis

407 1774 499 1815 regiis
523 1786 633 1805 nomen
657 1775 792 1806 auctoris
816 1775 1029 1813 e1111ntiati11=,4)
1053 1787 1115 1807 uno
1138 1776 1262 1807 nomine
1286 1780 1415 1808 utuntur
1438 1776 1612 1808 Senatoris:
1637 1776 1754 1807 scilicet
1777 1775 1946 1807 secundum
1969 1787 2060 1807 usum

409 1835 474 1865 eius
506 1834 614 1865 aetatis
642 1839 672 1866 et
697 1839 832 1866 remanet
856 1840 998 1866 vestusta
1025 1836 1226 1878 polyonymia
1254 1841 1282 1867 ct
1306 1837 1425 1868 obtinet
1447 1837 1581 1868 nominis
1604 1837 1743 1878 legitima
1765 1835 1916 1868 breviatio
1940 1846 2002 1866 uno
2025 1846 2061 1866 eo

409 1895 526 1936 posito,
558 1894 643 1936 quod
665 1899 837 1926 extremum
865 1900 911 1927 est
940 1896 971 1927 in
1002 1896 1109 1927 ordine
1132 1897 1260 1939 pleno.⁵)
1305 1897 1372 1928 solo
1397 1896 1578 1929 Cassiodori
1602 1896 1754 1929 vocabulo
1777 1907 1838 1927 non
1862 1895 1987 1928 invenio
2010 1895 2062 1937 qni

513 2007 529 2032 8
542 2008 665 2033 aleeticiis
679 2009 733 2033 coil.
789 2008 821 2033 10
834 2010 918 2034 botius
932 2009 986 2034 eorl.
1037 2009 1067 2034 11
1083 2011 1275 2035 theodorichum
1290 2011 1345 2036 coil.
1395 2010 1426 2035 12
1439 2013 1486 2043 cap
1499 2011 1553 2036 coel.
1602 2009 1635 2036 13
1646 2010 1809 2035 bocholieum
1822 2009 1875 2034 cod.
1913 2009 1993 2034 loieae
2007 2009 2061 2034 cod.

411 2050 443 2075 14
462 2051 520 2075 talis
540 2052 588 2075 suit
607 2052 655 2075 suit
674 2052 728 2075 cod.
802 2051 834 2075 15
856 2057 1020 2084 cqueperarct
1039 2053 1094 2077 cml.
1168 2053 1197 2078 17
1223 2055 1345 2086 praecorii
1365 2055 1522 2079 consiliarius
1546 2053 1600 2078 cod.
1663 2057 1687 2078 et
1712 2061 1760 2077 om.
1779 2052 1833 2077 cod.
1906 2050 1938 2076 18
1961 2052 2062 2077 theodo-

411 2095 473 2118 richi
493 2095 547 2119 cod.
619 2093 651 2118 19
670 2095 817 2119 ‹iss'ociorum
837 2095 900 2125 cazh,
919 2095 962 2119 sed
981 2104 996 2118 α
1018 2105 1046 2119 m.
1067 2098 1082 2120 1.
1102 2096 1261 2120 emendatum
1282 2101 1323 2121 est.
1377 2098 1454 2129 praef.
1469 2101 1548 2128 praet.
1567 2094 1707 2128 suggessit]
1724 2095 1852 2127 proposui
1869 2103 1913 2127 eyo
1934 2095 1959 2119 in
1973 2096 2062 2127 praef.

411 2139 446 2162 (ul.
465 2138 603 2163 Iordanem
620 2138 722 2170 22.XI4v
746 2139 891 2163 coniectura
909 2139 943 2162 (nl
961 2139 1111 2163 sententiam
1136 2140 1292 2164 solummodo
1314 2144 1396 2165 ceria.-
1422 2140 1573 2172 praefuisset
1592 2139 1661 2167 corL:
1697 2138 1792 2163 Usener
1810 2138 1887 2162 verba
1911 2138 2063 2170 praefuisset

411 2182 447 2205 ad
459 2180 490 2206 21
511 2182 673 2214 superposuit
692 2182 800 2206 insiticia
820 2182 923 2206 imlicat.
985 2183 1149 2207 thcodoriclm
1168 2184 1222 2207 roal.
1304 2182 1337 2207 22
1362 2191 1495 2215 moresque
1515 2183 1563 2207 XII
1582 2182 1655 2207 libris
1681 2181 1782 2206 Usener.
1840 2185 1900 2213 post
1924 2182 2063 2206 enuntians

412 2224 480 2249 erasi
498 2232 584 2249 versus
603 2224 776 2256 septendecim.

518 2345 542 2375 1)
564 2346 637 2370 Thiel
656 2346 726 2377 epist.
747 2347 835 2377 pontif.
856 2348 867 2370 Ι
886 2356 908 2379 p<
924 2345 981 2372 729.
1085 2346 1112 2375 2)
1138 2348 1318 2380 Exceptionein
1345 2348 1407 2372 facit
1432 2347 1512 2372 codex
1531 2346 1750 2379 Cautabrigiensis
1769 2354 1832 2371 saec.
1848 2346 1897 2370 XII
1916 2345 2060 2378 (catalogus

412 2388 482 2413 codd.
502 2388 649 2420 Uantabrig.
663 2388 678 2413 3
697 2398 720 2421 p.
734 2388 795 2417 645)
821 2390 894 2414 cuius
914 2391 1010 2415 Usener
1034 2391 1147 2415 meminit
1171 2391 1259 2415 anecd.
1284 2400 1307 2422 p.
1322 2390 1367 2421 76;
1396 2391 1431 2414 ibi
1456 2390 1601 2423 appellatur
1624 2391 1735 2422 Magnus
1754 2389 1874 2414 Aurelius
1894 2388 2062 2413 Cassiodorus

414 2432 525 2455 Senator.
640 2430 665 2461 3)
689 2432 791 2456 Praeter
819 2433 952 2464 epistulam
976 2433 1123 2465 Symmachi
1153 2434 1225 2457 modo
1253 2434 1356 2458 citatam
1384 2434 1464 2458 altera
1493 2434 1551 2465 imp.
1573 2433 1701 2458 Anastasii
1728 2432 1759 2457 ad
1782 2432 1943 2456 Hormisdam
1972 2439 2064 2464 papam

414 2475 475 2498 data
498 2478 534 2499 est
566 2474 587 2497 1'
603 2474 655 2498 lral.
677 2475 735 2499 Iun.
756 2475 879 2500 Senatore
903 2485 923 2500 r.
946 2485 965 2500 c.
985 2477 1086 2501 consule
1111 2477 1194 2507 (Thiel
1214 2476 1229 2501 l.
1244 2484 1264 2501 c⁴
1285 2485 1308 2509 p.
1323 2475 1396 2507 741);
1425 2477 1518 2501 codicis
1545 2475 1758 2508 Burgundionum
1783 2475 1824 2499 lex
1848 2475 1886 2499 tit.
1901 2473 1933 2498 79
1952 2475 2007 2499 data
2027 2477 2065 2498 est

414 2517 459 2541 suh
478 2517 502 2541 (l.
521 2517 544 2540 lc.
564 2517 642 2541 Mart.
662 2517 790 2549 Luslrlnno
810 2527 837 2550 p.
852 2527 872 2542 c.
893 2518 1026 2543 senatoris
1044 2528 1064 2543 r.
1079 2527 1100 2544 c.
1113 2527 1150 2549 c.,·
1177 2520 1308 2552 epitaphia
1331 2520 1412 2552 posita
1437 2524 1498 2544 sunt
1523 2528 1602 2543 unum
1626 2519 1753 2543 urbanum
1777 2516 1874 2550 [cJons.
1901 2515 2062 2549 Senatoffi'is]

414 2569 436 2585 r.
450 2570 470 2584 «J.
490 2561 571 2589 (Rossi
590 2562 599 2584 I
620 2560 727 2591 11959),
753 2562 802 2585 duo
826 2562 960 2586 eruderata
982 2563 1008 2586 111
1028 2571 1090 2594 agro
1106 2563 1287 2587 Vocontiorum
1307 2563 1416 2587 alterum
1439 2582 1444 2587 .
1457 2583 1461 2587 .
1474 2582 1478 2587 .
1493 2581 1498 2587 .
1518 2562 1610 2586 Iunias
1630 2560 1769 2593 Senatofre
1787 2571 1807 2586 r.
1823 2570 1842 2585 c.
1857 2560 1892 2593 c.]
1912 2553 1979 2585 ἰηῖιῖ
1993 2559 2069 2584 VIII

416 2603 484 2633 (0.1.
497 2604 590 2634 11.Χῖ1,
611 2602 695 2635 1692),
721 2604 833 2629 *alterum
855 2605 989 2629 Senatoris
1004 2610 1061 2637 post
1081 2606 1184 2637 cinynla
1208 2606 1234 2630 (l.
1249 2615 1270 2630 c.
1290 2615 1314 2630 11.
1332 2605 1418 2635 1439).
1459 2605 1599 2630 Duodecim
1619 2605 1752 2629 Senatoris
1769 2604 1900 2629 volumina
1918 2604 1949 2628 cle
1968 2603 2064 2635 oriqine

414 2651 533 2678 actusque
553 2647 675 2670 Getarum
699 2647 761 2671 citat
784 2648 809 2671 in
835 2648 994 2679 praefatione
1019 2649 1166 2672 Geticoruni
1192 2649 1319 2673 Iordanes.
1436 2647 1464 2675 4)
1488 2648 1578 2673 IX24.
1597 2647 1638 2672 25.
1666 2649 1690 2672 X
1705 2645 1854 2672 26.27.28.
1893 2646 2062 2671 Cassiodorus

416 2690 460 2713 ubi
484 2690 644 2721 nominatury
673 2694 743 2722 pater
767 2691 937 2722 intellegitur.
1056 2692 1082 2723 ὓ)
1106 2693 1242 2724 Propterea
1260 2692 1281 2716 si
1301 2689 1388 2724 ὄνομα
1409 2690 1503 2724 κύριον
1525 2692 1551 2716 111
1575 2692 1662 2716 ordine
1686 2692 1817 2716 nominum
1840 2691 1953 2722 legitimo
1977 2690 2062 2714 locum

415 2733 567 2757 anteriorem
592 2733 700 2765 obtinet,
726 2734 752 2757 in
775 2734 824 2758 tine
849 2735 985 2767 repetitur;
1013 2735 1047 2760 ita
1071 2735 1160 2760 consul
1179 2743 1200 2760 a.
1216 2734 1265 2760 517
1286 2736 1311 2759 in
1336 2735 1464 2768 diptychis
1487 2735 1540 2760 suis
1563 2735 1706 2768 appellatur
1727 2734 1771 2759 Fl.
1791 2733 1945 2758 Anastasius
1963 2732 2064 2757 Paulus

417 2776 516 2801 Probus
535 2775 692 2801 &thimiama-5
705 2777 840 2809 Pompeius
856 2777 1010 2802 Antestasius
1030 2778 1097 2808 ((3.1.
1110 2779 1175 2810 LX,
1195 2777 1271 2809 8120,
1282 2778 1318 2811 2),
1342 2779 1430 2804 consul
1451 2787 1473 2804 a.
1488 2777 1539 2803 525
1558 2777 1601 2803 Fi.
1620 2777 1767 2803 Theodorus
1780 2777 1921 2802 Filomemts
1937 2775 2065 2802 Soter-icus

419 2819 560 2845 Filomenns
580 2819 607 2853 (l,
622 2828 643 2845 c.
664 2830 688 2845 n.
701 2819 737 2851 4).
