2279 3261
401 187 424 212 X
1111 176 1339 204 PROOEMIVM.

406 291 439 311 eo
462 281 607 319 quaestor
622 280 667 309 est
682 277 796 317 factm.
843 275 910 317 ipse
933 273 965 304 in
981 284 1028 315 ep.
1043 272 1097 304 XI
1114 273 1154 304 39
1178 271 1222 303 ait
1243 271 1446 314 provinciam,
1470 282 1487 301 a
1511 281 1571 312 qua
1594 268 1744 310 originem
1760 267 1893 306 duceret,
1916 265 2049 298 iudicem

401 352 433 372 se
457 340 599 377 sensisse,
622 337 655 369 id
678 341 725 369 est
748 339 954 367 correcturam
976 333 1133 365 Lucaniae
1156 336 1186 364 et
1208 331 1403 363 Bruttiorum
1427 331 1530 373 ipsum
1554 340 1675 372 quoque
1699 328 1738 360 ad
1761 328 1936 370 exemplum
1953 327 2049 369 patris

401 399 646 431 administrasse.

504 457 640 497 Quando
674 461 765 488 natus
801 456 842 487 sit
875 455 1020 493 Senator,
1054 458 1137 485 certa
1166 453 1285 484 ratione
1317 451 1512 484 determinari
1540 450 1647 492 nequit
1657 450 1697 492 ι);
1727 448 1781 480 sed
1809 460 1879 479 cum
1906 452 2051 490 quaestor

400 521 500 552 factus
525 520 566 551 sit
589 517 710 550 iuvenis
734 516 903 548 admodum
934 520 964 547 et
991 519 1026 546 ut
1054 515 1122 556 ipse
1150 514 1193 545 ait
1220 513 1399 556 primaevus
1431 523 1501 543 cum
1528 514 1655 553 propter
1680 509 1831 541 natalium
1855 507 2050 551 splendorem

399 586 466 612 tum
502 579 585 622 quod
621 577 767 610 facundia
801 577 865 618 regi
903 575 1108 618 placuerat2),
1140 578 1220 606 recte
1253 584 1410 605 sumemus
1445 572 1596 603 honorum
1630 570 1797 601 illustrium
1829 580 1952 600 cursum
1981 579 2051 599 eum

398 641 504 672 iniisse
533 650 630 671 annos
656 642 763 669 natum
792 637 853 668 fere
881 636 991 678 viginti
1002 636 1032 674 3).
1083 635 1145 666 iam
1174 646 1245 666 cum
1273 633 1437 675 epistulae,
1469 643 1546 674 quas
1575 630 1701 673 scripsit
1724 633 1883 672 quaestor,
1913 640 2051 671 compre-

400 701 493 733 hendi
518 700 682 732 videantur
705 698 793 730 annis
822 710 847 729 c.
871 698 1022 737 507s511,
1051 699 1143 726 natus
1174 693 1346 725 credendus
1373 693 1430 724 erit
1452 704 1476 723 c.
1500 704 1526 723 a.
1549 692 1627 729 490,
1654 689 1709 721 sed
1733 694 1768 721 ut
1790 689 1867 720 citra
1889 688 1971 720 hunc
1993 692 2052 719 ter-

400 762 517 792 minum
542 760 660 791 natales
683 759 748 790 eius
772 758 857 789 nullo
881 757 974 789 modo
997 756 1048 798 figi
1073 759 1201 798 queant,
1223 754 1314 785 facile
1337 757 1440 784 autem
1463 752 1582 794 aliquot
1605 751 1693 782 annis
1717 754 1787 781 ante
1807 749 1892 781 nasci
1907 749 2052 792 potuerit.

401 832 534 864 quocum
558 820 711 858 convenit,
735 818 819 861 quod
843 829 897 860 per
920 817 1097 849 universam
1120 815 1276 847 variarum
1300 814 1439 856 syllogen
1462 824 1615 855 nusquam
1639 811 1678 843 ad
1702 810 1867 843 senectutis
1890 809 2053 852 privilegia

399 881 656 913 excusationesve
679 879 833 921 adspirat,
861 878 894 909 id
921 877 1005 919 quod
1035 875 1188 908 eiusmodi
1212 874 1326 906 indolis
1350 874 1484 916 scriptor
1506 877 1586 904 certe
1608 872 1746 910 fecisset,
1774 871 1800 902 si
1822 871 1976 913 potuisset
1998 880 2053 912 per

400 946 547 980 aetatem,
577 945 607 972 et
630 944 794 983 propterea
818 938 983 970 verisimile
1012 941 1059 969 est
1086 948 1147 978 quo
1176 940 1315 978 tempore
1337 935 1440 967 varias
1464 933 1574 972 edidit,
1597 933 1630 964 id
1653 937 1699 965 est
1722 944 1748 964 a.
1772 933 1843 970 537,
1865 942 1934 963 eun]
1957 930 2053 962 fuisse

400 1001 510 1033 aetatis
535 1004 673 1032 maturae
696 1000 794 1041 magis
819 1010 911 1041 quam
936 998 1052 1029 senilis.

503 1060 708 1093 Consiliarius
732 1059 830 1102 patris
854 1058 999 1100 praefecti
1024 1057 1188 1100 praetorio,
1212 1067 1230 1087 a
1253 1067 1314 1098 quo
1338 1055 1454 1086 honore
1476 1066 1513 1086 ex
1537 1053 1688 1085 anecdoto
1709 1053 1770 1084 iam
1791 1052 1906 1084 scimus
1927 1051 2054 1083 Cassio-

400 1122 511 1154 dorum
527 1121 624 1153 vitan]
641 1120 798 1163 publicam
815 1118 986 1157 inchoasse,
1009 1118 1109 1149 factus
1133 1121 1181 1148 est
1195 1127 1257 1147 non
1274 1120 1345 1147 ante
1361 1126 1387 1147 a.
1404 1116 1476 1154 501,
1501 1125 1570 1145 curn
1594 1114 1690 1156 pat-ris
1714 1113 1936 1156 praefecturam
1959 1123 2053 1155 supra

400 1182 570 1214 viderimus
596 1192 622 1212 a.
646 1183 708 1213 500
731 1180 934 1222 posteriorem
958 1189 1034 1210 esse.

506 1243 639 1284 Propter
666 1241 773 1273 laudes
802 1239 987 1272 Theoderici
1017 1239 1098 1280 regis
1129 1238 1168 1269 ab
1196 1249 1232 1269 eo
1255 1237 1398 1268 recitatas
1422 1248 1493 1267 cum
1516 1240 1711 1278 quaestorem
1734 1238 1870 1266 creatum
1892 1244 1959 1265 esse
1982 1245 2052 1264 cum

399 1304 430 1334 in
447 1302 597 1334 anecdoto
614 1306 763 1339 narretur,
787 1312 896 1343 parum
924 1301 1021 1342 liquet
1044 1310 1106 1341 quo
1128 1299 1197 1329 loco
1221 1298 1406 1329 constitutus
1430 1296 1581 1328 eiusmodi
1606 1296 1776 1328 orationem
1791 1295 1903 1327 habere
1919 1295 2053 1337 potuerit

402 1363 539 1395 nondum
570 1362 709 1394 adscitus
738 1362 768 1393 111
798 1366 946 1393 senatum.
995 1363 1102 1403 postea
1133 1370 1237 1401 saepe,
1267 1362 1301 1389 ut
1330 1357 1372 1389 ait
1399 1358 1430 1388 in
1467 1357 1657 1400 praefatione
1685 1356 1855 1394 variarum,
1879 1356 2003 1395 reyfmas
2026 1357 2053 1385 et

400 1434 483 1464 reyes
506 1423 630 1466 publice
654 1422 795 1454 laudavit
805 1422 837 1460 4),
866 1426 897 1452 ct
926 1425 1093 1463 supersunt
1124 1419 1276 1462 quaedam
1306 1419 1480 1450 orationum
1511 1418 1683 1461 fragmenta
1705 1417 1820 1449 tradita
1843 1417 1909 1448 sine
1931 1416 2054 1447 nomine

400 1484 549 1522 auctoris,
573 1483 626 1515 sed
651 1482 853 1525 probabiliter
886 1482 982 1513 relata
1012 1481 1050 1513 ad
1086 1480 1326 1519 Cassiodorum,
1349 1491 1427 1521 quae
1450 1491 1506 1511 nos
1530 1479 1625 1511 variis
1654 1478 1880 1510 subiunximus.
1932 1482 2054 1519 tempus

400 1549 584 1587 quaesturae
614 1543 685 1574 inde
714 1543 949 1580 determinatur,
978 1541 1061 1584 quod
1090 1546 1124 1572 ut
1154 1541 1234 1572 infra
1266 1540 1502 1579 monstrabitur,
1534 1544 1680 1582 quattuor
1707 1540 1877 1582 primorum
1904 1538 2055 1569 librorum

402 1605 539 1648 syllogae
563 1604 654 1635 huius
678 1603 830 1646 epistulae
853 1615 871 1634 a
887 1602 1079 1634 Cassiodoro
1103 1602 1236 1644 scriptae
1259 1606 1333 1632 sunt
1355 1601 1386 1631 in
1403 1605 1577 1642 quaest-ura,
1601 1611 1704 1632 earum
1729 1604 1831 1631 autem
1854 1598 1940 1630 nulla
1963 1597 2054 1629 certis

401 1665 589 1707 argumentis
614 1664 738 1706 probari
762 1668 865 1706 potest
888 1668 943 1695 aut
965 1664 1050 1706 prior
1073 1674 1140 1694 esse
1168 1674 1193 1694 a.
1218 1664 1279 1695 507
1304 1666 1358 1693 aut
1381 1662 1534 1704 posterior
1561 1673 1587 1692 a.
1611 1663 1682 1694 511.
1727 1661 1805 1691 inter
1827 1659 1883 1690 hos
1907 1658 2054 1690 terminos

401 1725 496 1767 igitur
519 1724 654 1756 officium
679 1723 900 1755 concludemus
923 1724 1055 1755 fortasse
1078 1723 1171 1754 etiam
1195 1723 1294 1765 magis
1311 1721 1558 1764 restringendos;
1582 1733 1653 1752 nam
1674 1721 1808 1752 officium
1830 1720 1895 1751 iure
1918 1729 2054 1751 annuum

402 1797 456 1828 per
479 1785 724 1827 qllintpiennium
750 1785 964 1816 continuatum
988 1796 1055 1816 esse
1078 1795 1187 1826 parum
1212 1784 1378 1815 verisimile
1401 1788 1456 1814 est.

505 1845 676 1876 Intervallo
707 1845 781 1876 satis
814 1846 932 1888 amplo,
967 1845 1051 1887 quod
1087 1844 1248 1876 intercedit
1277 1845 1355 1876 inter
1382 1847 1580 1886 quaesturam
1612 1843 1747 1874 auctoris
1778 1846 1808 1873 et
1835 1841 2055 1883 magisterium,

402 1905 605 1948 probabiliter
628 1906 814 1937 attribuetur
836 1916 931 1948 supra
954 1910 1124 1937 memorata
1147 1910 1321 1936 correctura
1344 1905 1409 1936 eius
1432 1904 1589 1936 Lucaniae
1611 1908 1639 1935 et
1663 1903 1872 1941 Bruttiorum,
1896 1913 1988 1944 quam
2012 1901 2055 1933 ita

404 1966 443 1998 ad
467 1966 643 2008 exemplum
668 1967 764 2008 patris
789 1972 859 2008 post
884 1967 1015 1997 honores
1040 1966 1175 1997 illustres
1200 1965 1470 1997 administraverit.

511 2044 536 2075 1)
556 2046 692 2070 Erroribus
711 2046 822 2077 antiquis
841 2045 936 2069 dudum
956 2045 1066 2077 explosis
1086 2054 1137 2069 11011
1156 2045 1329 2069 immoramur.
1368 2048 1515 2077 computum
1529 2044 1655 2075 quendam
1670 2043 1813 2076 paschalem
1827 2043 1948 2075 scriptum
1968 2050 1991 2066 a.
2005 2042 2056 2067 562

403 2089 499 2113 editum
512 2097 563 2112 una
576 2097 634 2112 cum
648 2089 774 2113 chronicis
787 2089 930 2113 Uassiodori
945 2093 1013 2121 (opp.
1025 2089 1074 2113 vol.
1087 2088 1099 2112 1
1115 2097 1138 2120 p.
1150 2087 1201 2112 396
1215 2087 1312 2119 Garet.)
1332 2088 1375 2119 qui
1389 2088 1436 2120 ipsi
1449 2088 1605 2118 tribuebant,
1625 2095 1683 2111 cum
1697 2095 1754 2111 eum
1771 2095 1822 2111 11011
1840 2087 1978 2118 reperirent
1991 2086 2056 2110 inter

403 2132 498 2164 scripta
517 2141 583 2164 quae
602 2133 655 2164 ipse
674 2132 833 2156 enumeravit
851 2140 930 2164 agens
949 2140 1045 2156 annum
1065 2131 1279 2163 nonagensimum
1298 2132 1408 2162 tertium,
1428 2131 1485 2155 inde
1505 2132 1642 2155 effecerunt
1657 2130 1833 2155 Cassiodorum
1846 2138 1904 2154 euin
1918 2133 1974 2161 post
1986 2129 2055 2153 hunc

403 2175 533 2207 scripsisse
546 2175 632 2207 itaque
645 2184 711 2199 auno
725 2174 775 2200 562
790 2176 866 2200 fuisse
879 2176 953 2199 annis
968 2176 1050 2199 XCIII
1063 2175 1182 2199 maiorem
1197 2175 1251 2199 sive
1265 2178 1354 2199 natum
1368 2182 1422 2198 esse
1435 2178 1493 2198 ante
1506 2183 1528 2198 a.
1538 2172 1602 2204 47ος
1622 2174 1665 2198 sed
1679 2177 1707 2198 ut
1720 2174 1770 2198 alia
1783 2173 1889 2204 mittam,
1908 2176 2054 2204 computum

403 2226 462 2242 eum
481 2218 538 2242 libri
556 2219 620 2243 nulli
633 2219 781 2243 Cassiodoro
796 2219 913 2243 tribuunt
926 2222 950 2243 et
963 2226 1023 2242 casu
1038 2218 1091 2242 solo
1105 2219 1170 2242 inter
1185 2226 1261 2250 opera
1274 2218 1328 2242 eins
1342 2226 1368 2242 se
1382 2218 1531 2242 insinuavit.
1569 2218 1660 2241 111111·οε
1673 2218 1717 2248 qui
1730 2217 1804 2241 hodie
1817 2220 1892 2241 notus
1905 2216 1937 2240 sit
1950 2216 2055 2240 huiusce

404 2261 483 2284 libelli
503 2262 582 2285 codex
602 2261 682 2285 musei
702 2261 842 2285 Britannici
863 2261 1029 2285 (ottonianus
1049 2260 1132 2292 Calig.
1146 2261 1168 2284 A
1187 2261 1233 2284 XV
1253 2268 1317 2284 saer.
1338 2260 1398 2284 VIII
1418 2261 1616 2293 (Zangenieister
1634 2261 1660 2284 111
1683 2261 1745 2285 actis
1764 2260 1835 2285 acad.
1853 2259 2056 2284 Vindobouensis

404 2304 454 2328 vol.
473 2302 507 2328 84
525 2303 628 2328 ι118711
647 2303 745 2336 11483)
772 2312 829 2328 eum
855 2304 974 2336 proponit
998 2304 1148 2336 inscriptum
1172 2303 1210 2328 ‘de
1236 2307 1351 2335 compoto
1375 2304 1495 2335 paschaliv
1519 2305 1573 2328 sine
1593 2304 1693 2328 nomine
1717 2304 1828 2328 auctoris
1851 2303 1963 2335 (Krusch
1981 2311 2056 2327 1101168

405 2346 502 2370 Archiv
521 2347 571 2370 vol.
585 2346 600 2370 9
620 2356 642 2379 p.
659 2345 728 2372 113).
765 2348 920 2371 Trithemius
945 2351 1031 2372 autem
1052 2348 1076 2371 in
1100 2347 1217 2379 catalogo
1237 2348 1386 2379 scriptorum
1406 2347 1634 2372 ecclesiasticorum
1661 2347 1786 2377 (Basileae
1806 2345 1873 2370 1494
1892 2345 1964 2372 1:35)
1989 2346 2056 2377 quod

404 2390 500 2421 posuit:
520 2390 615 2413 claruit
633 2390 785 2421 temporibus
805 2390 899 2414 Iustini
922 2390 1028 2414 senioris
1057 2395 1079 2414 et
1105 2399 1183 2422 nsque
1211 2391 1246 2414 ml
1274 2391 1374 2421 imperii
1393 2391 1486 2415 Iustius
1509 2390 1617 2414 iunioris
1635 2399 1719 2421 paene
1741 2391 1830 2422 finem,
1858 2397 1940 2413 (011103
1963 2389 2056 2413 habens

405 2432 494 2456 aeratis
515 2433 577 2463 pla>-
601 2441 675 2464 ‹lzcczm
696 2433 775 2457 XCI*
796 2442 863 2457 anno
887 2433 983 2457 domini
1002 2433 1141 2463 DLXXV,
1164 2433 1188 2457 id
1207 2433 1275 2465 quod
1299 2433 1369 2457 ducit
1391 2434 1422 2458 ad
1445 2442 1540 2458 annum
1559 2432 1610 2457 480
1634 2433 1830 2464 anterioremve,
1854 2432 1958 2457 eandem
1981 2432 2056 2456 fidem

404 2475 490 2505 habet,
515 2475 613 2500 scilicet
639 2476 749 2506 nullam,
778 2484 855 2507 quam
881 2476 979 2507 reliqua
1005 2477 1192 2507 Trithemiana,
1229 2477 1411 2501 cancellarium
1439 2485 1496 2500 eum
1523 2477 1602 2500 fuisse
1629 2476 1779 2500 Theoderici
1804 2476 1883 2507 regis,
1915 2479 2056 2499 senatorem

406 2519 590 2550 Ravennatem,
610 2519 728 2543 abbatem
749 2520 859 2550 denique
878 2520 993 2544 coenobii
1013 2520 1081 2552 apud
1100 2520 1189 2544 urbem
1208 2520 1443 2550 Ravennatem-em,
1468 2520 1598 2551 scripsisse
1624 2527 1681 2543 eum
1701 2518 1874 2551 ‘epistolarum
1893 2518 1925 2541 ad
1944 2517 2056 2541 diversos

405 2562 431 2585 li.
445 2562 573 2586 xxvln'.
661 2561 688 2588 2)
708 2564 810 2587 Praeter
829 2563 981 2588 anecdotum
1001 2563 1035 2595 (p.
1046 2564 1079 2587 VI
1090 2562 1163 2593 v.16)
1182 2564 1207 2587 iu
1226 2564 1304 2587 variis
1323 2572 1423 2595 quoque
1443 2571 1487 2587 rex
1505 2563 1541 2587 ait
1560 2563 1596 2586 lx
1614 2560 1647 2585 ‘24
1667 2561 1791 2593 recepisse
1810 2569 1835 2584 se
1854 2569 1912 2585 eum
1930 2560 1963 2585 ad
1981 2568 2055 2592 quae—

405 2605 478 2629 storis
497 2605 610 2629 officium
626 2605 794 2636 primaerztm.
901 2605 927 2629 31
948 2607 1052 2630 Confert
1075 2606 1251 2630 'rhorbeckius
1278 2606 1458 2636 (Cassiodorus
1483 2606 1599 2629 Senator.
1626 2604 1811 2635 Heidelbergae
1832 2602 1897 2627 1867
1916 2612 1940 2635 p.
1954 2601 1979 2632 9)
1998 2606 2055 2634 apte

357 2668 359 2670 .
405 2648 471 2679 quod
491 2648 516 2672 in
536 2648 613 2672 variis
632 2649 655 2672 X
673 2647 689 2672 3
707 2649 876 2679 Athalarieus,
904 2650 947 2681 qui
966 2650 1028 2673 obiit
1046 2657 1143 2673 annum
1162 2657 1242 2680 agens
1260 2649 1341 2679 XVII,
1362 2649 1453 2673 dicitur
1472 2652 1573 2680 ereptus
1588 2648 1742 2679 primaevus.
1779 2647 1914 2671 Petronius
1927 2645 2056 2670 Maximus

405 2691 545 2715 secundum
564 2691 666 2715 titulum
686 2700 708 2715 a.
722 2690 771 2715 4:21
793 2692 831 2721 (C.
844 2693 863 2716 I.
874 2693 902 2716 L.
922 2691 1220 2723 Vl,1749)primaesus
1240 2691 1264 2715 [71
1279 2692 1426 2715 cono-istorio
1445 2700 1519 2715 sucro
1538 2691 1629 2716 meruit
1646 2699 1713 2714 nono
1732 2689 1853 2720 (ἶριςῐιιηύ)
1871 2689 1961 2713 aetatis
1979 2697 2057 2718 anno,

406 2742 541 2757 sacrat-mn
561 2734 792 2758 remmzeratiwzzzm
805 2743 855 2766 per
869 2735 1003 2759 triennium
1018 2743 1098 2759 comes
1116 2739 1163 2759 cet.
1262 2733 1288 2763 4)
1306 2735 1389 2759 Praes.
1408 2743 1431 2766 p.
1445 2733 1510 2764 4,27
1530 2735 1562 2758 cs.
1582 2734 1618 2757 IX
1631 2732 1676 2758 25:
1695 2741 1770 2757 aures
1783 2732 1967 2757 dominantium
1986 2732 2055 2755 lucu-

407 2776 476 2800 lenta
489 2776 590 2807 saepius
598 2777 792 2808 praedicatione
806 2778 936 2808 ‹vmplerit
956 2797 960 2801 .
975 2797 980 2801 .
992 2797 996 2801 .
1008 2796 1013 2801 .
1032 2782 1192 2809 purpuratas
1207 2777 1320 2801 auditori
1333 2785 1377 2801 suo
1388 2779 1495 2808 fenerat
1512 2777 1601 2801 lnnrles
1620 2795 1624 2799 .
1637 2795 1642 2799 .
1653 2794 1658 2799 .
1675 2781 1775 2806 patrem
1797 2783 1892 2807 quoque
1911 2774 2055 2799 clementiae

406 2824 507 2844 nostrae
527 2820 634 2850 (seilicet
654 2820 831 2845 Eutharicnml
853 2821 876 2844 [n
897 2821 953 2852 ipsa
972 2821 1045 2845 rur-icc
1065 2821 1199 2846 Libertatis
1219 2829 1270 2852 qua
1289 2820 1464 2845 disertitudine
1483 2821 1585 2845 (locotus
1605 2819 1718 2843 (assernit.
