2279 3261
269 690 319 720 De
344 689 403 721 hac
427 689 566 721 editione
590 701 692 732 pauca
717 694 839 722 restant
867 691 1044 722 adicienda.
1098 702 1155 733 per
1185 702 1284 722 annos
1308 692 1379 733 plus
1404 692 1634 734 quinquaginta
1658 704 1676 723 a
1700 704 1812 724 monu-

165 754 345 782 mentorum
369 750 631 781 Germanicorum
668 751 866 782 curatoribus
898 762 960 782 non
985 752 1085 782 solum
1112 752 1274 793 expetita,
1299 752 1355 782 sed
1380 752 1461 783 adeo
1486 756 1599 794 parata
1622 754 1737 794 partim
1763 754 1819 784 fati

165 811 293 851 invidia,
317 812 433 853 partim
460 811 624 842 hominum
647 812 776 853 ignavia
801 812 920 843 factum
945 816 1002 851 est,
1028 816 1062 843 ut
1085 823 1167 843 nunc
1192 812 1323 844 demum
1353 812 1497 854 prodeat.
1546 824 1605 855 ego
1632 824 1704 844 eum
1729 814 1818 845 labo-

165 883 243 912 rem,
267 876 436 914 postquam
467 882 557 914 spem
588 873 654 903 eius
686 882 744 913 per
776 873 872 903 alium
897 873 978 903 iusto
1004 876 1149 914 tempore
1173 873 1361 915 perficiendi
1385 873 1547 915 deponere
1573 874 1687 912 debui,
1712 875 1743 905 in
1766 885 1818 905 me

165 934 273 974 recepi
297 933 411 963 invitus
435 942 540 974 neque
558 933 673 972 animo,
696 932 753 963 sed
772 933 876 964 officio
903 933 1090 969 oboediens,
1116 934 1301 965 sublevatus
1325 935 1356 965 in
1381 945 1419 965 ea
1444 945 1477 965 re
1504 935 1636 976 egregio
1661 934 1818 965 adiutorio

165 995 357 1036 optimorum
390 993 586 1034 collegarum
611 997 646 1024 et
666 994 852 1033 amicorum,
877 994 1035 1025 Bruuonis
1052 994 1202 1026 Kruschii
1225 995 1256 1025 in
1280 999 1438 1037 apparatu
1462 995 1658 1034 instruendo,
1676 995 1819 1026 Eduardi

165 1054 346 1086 Schroeder
374 1055 404 1085 111
433 1054 615 1085 nominibus
647 1054 846 1085 Germanicis
882 1054 968 1096 apud
1004 1054 1231 1086 Cassiodorum
1262 1056 1371 1087 relatis
1404 1060 1491 1087 recte
1524 1055 1754 1087 constituendis
1788 1059 1820 1086 et

165 1118 321 1157 quatenus
349 1115 613 1156 interpretatione
644 1114 788 1156 indigent
816 1115 848 1146 in
878 1126 1087 1157 personarum
1120 1116 1224 1147 iudice
1255 1116 1295 1147 ad
1319 1117 1495 1159 veriloquia
1519 1117 1699 1159 probabilia
1724 1127 1818 1147 revo-

165 1176 289 1216 candis,
318 1175 473 1207 Ludovici
503 1175 631 1207 Traube
657 1186 728 1207 cum
758 1176 789 1206 111
819 1176 1086 1217 panegyricorum
1117 1177 1305 1218 fragmentis
1336 1177 1539 1208 recensendis
1569 1181 1635 1208 tum
1665 1178 1697 1208 in
1721 1187 1820 1218 opera

163 1241 198 1269 ut
221 1238 461 1277 molestissima,
490 1238 536 1268 ita
565 1237 733 1268 utilissima
761 1236 872 1268 indicis
903 1237 1132 1268 vocabulorum
1162 1241 1193 1268 et
1216 1238 1413 1268 locutionum
1437 1237 1636 1279 perficiendi.
1681 1248 1740 1279 per
1764 1247 1819 1268 eos

163 1301 198 1329 ut
223 1298 320 1329 editio
352 1298 433 1329 haec
463 1298 662 1339 aliquantum
686 1298 837 1339 profecit,
870 1298 915 1328 ita
940 1297 1088 1328 subsidiis
1116 1298 1168 1337 iis,
1201 1308 1282 1339 quae
1313 1298 1510 1329 curatoribus
1540 1301 1819 1329 monumentorum

164 1359 290 1401 publice
316 1358 569 1400 suppeditantur,
595 1369 633 1389 eo
657 1361 849 1400 perventum
874 1362 931 1398 est,
956 1362 991 1389 ut
1015 1358 1187 1397 codicibus,
1213 1359 1266 1400 qui
1291 1361 1363 1389 sunt
1387 1359 1515 1400 plurimi
1544 1362 1576 1389 et
1612 1368 1670 1400 per
1693 1359 1819 1389 univer-

165 1429 233 1450 sam
263 1419 426 1461 Europam
458 1419 607 1461 dispersi,
641 1419 774 1450 huiusce
809 1419 978 1449 voluminis
1014 1429 1111 1449 causa
1145 1422 1232 1449 recte
1268 1419 1409 1450 excussis
1442 1419 1482 1450 ab
1517 1419 1578 1450 hac
1610 1422 1700 1461 parte
1732 1419 1819 1449 crisis

164 1480 323 1511 variarum
349 1479 532 1511 Cassiodori
555 1479 657 1511 videri
681 1479 782 1521 possit
808 1489 865 1520 pro
891 1479 1037 1509 absoluta
1061 1479 1183 1510 haberi.

273 1539 430 1571 Subiunxi
461 1541 557 1572 variis
590 1540 773 1571 Cassiodori
806 1540 1027 1572 additamenta
1059 1541 1135 1580 tria,
1166 1541 1302 1582 primum
1334 1541 1498 1572 continens
1524 1541 1677 1582 epistulas
1701 1550 1820 1582 paucas

165 1600 361 1632 Theoderici
385 1601 513 1632 nomine
538 1601 672 1643 scriptas
696 1601 748 1632 vel
772 1601 814 1632 ad
840 1611 913 1632 eum
938 1604 1132 1642 spectantes,
1158 1611 1239 1643 quae
1265 1604 1357 1632 extra
1380 1602 1485 1632 varias
1509 1601 1551 1632 ad
1580 1611 1637 1632 nos
1662 1611 1819 1642 pervene-

165 1664 247 1697 runt,
273 1661 448 1692 secundum
473 1662 638 1693 continens
663 1665 734 1693 acta
758 1661 976 1703 synhodorum
999 1662 1094 1692 trium
1117 1662 1149 1692 in
1172 1662 1251 1693 urbe
1268 1661 1373 1693 Roma
1389 1665 1545 1703 regnante
1571 1672 1609 1692 eo
1626 1661 1820 1694 habitarum.

165 1722 303 1761 tertium,
329 1722 415 1763 quod
431 1722 571 1754 Traubio
598 1722 664 1753 dixi
689 1722 811 1759 deberi,
836 1723 1000 1753 continens
1024 1722 1207 1764 fragmenta
1229 1722 1497 1764 panegyricorum
1522 1721 1665 1752 eiusdem
1691 1720 1817 1752 Cassio-

166 1781 243 1812 dori.
291 1782 330 1813 de
355 1783 402 1813 his
428 1783 453 1813 si
478 1793 540 1824 qua
563 1782 801 1824 praemittenda
826 1783 963 1823 fuerunt,
989 1783 1191 1813 invenientur
1215 1783 1347 1824 singulis
1371 1783 1521 1813 auetariis
1545 1783 1739 1823 praeposita.
