2279 3261
376 1745 394 1774 [ὑ

463 171 501 199 34
1179 168 1391 194 CASSIODORI

461 254 581 285 fuerint
605 253 766 284 destinata
791 253 935 293 navigia,
968 264 1040 284 cum
1064 254 1230 285 stellarum
1255 265 1320 285 non
1347 256 1561 297 mergentium
1585 256 1711 288 lucidus
1742 257 1822 288 situs
1854 257 1943 289 tendi
1972 258 2107 289 carbasa

462 305 654 335 festinanter
678 305 793 334 invitet
817 307 849 335 et
873 305 957 335 aeris
983 305 1091 336 sereni
1115 305 1196 336 fides
1220 308 1464 348 properantium
1489 311 1631 349 nequeat
1654 312 1730 340 vota
1753 312 1896 341 terrere?
1935 309 2002 340 Aut
2021 310 2105 340 forte

461 357 666 387 incumbente
692 359 800 387 austro
824 357 1033 398 remigiisque
1058 356 1245 389 iuvantibus
1269 362 1395 390 meatus
1420 360 1550 390 navium
1576 360 1720 391 echinais
1745 372 1872 392 morsus
1896 361 1980 392 inter
2003 361 2105 392 undas

461 407 598 448 liquidas
630 407 789 448 alligavit:
822 411 877 438 aut
900 408 1003 439 Indici
1034 409 1130 440 maris
1163 410 1305 441 conchae
1337 411 1433 441 simili
1461 412 1606 453 potentia
1635 412 1728 443 labiis
1757 413 1823 443 suis
1853 413 1983 444 navium
2011 413 2107 444 dorsa

431 466 441 483 ⁵
461 459 614 489 fixerunt:
640 469 773 499 quarum
798 460 925 501 quietus
949 463 1055 491 tactus
1080 461 1153 502 plus
1178 461 1295 492 dicitur
1319 463 1459 493 retinere
1485 473 1580 504 quam
1605 464 1773 505 exagitata
1793 467 1928 505 possunt
1945 465 2106 495 elementa

414 1958 438 1975 31]

460 510 664 551 compellere.
711 514 775 541 stat
798 511 890 552 pigra
913 512 990 542 ratis
1015 513 1215 543 tumentibus
1239 513 1326 544 alata
1350 514 1430 544 velis
1457 517 1489 544 et
1513 524 1642 545 cursum
1673 525 1736 546 non
1765 515 1879 555 habet,
1910 516 1961 546 cui
1990 519 2107 547 ventus

460 561 593 592 arridet:
628 562 697 593 sine
730 563 879 594 anchoris
910 563 1028 604 figitur,
1061 564 1130 595 sine
1161 564 1351 595 rudentibus
1382 565 1535 606 alligatur
1565 568 1596 596 et
1628 569 1694 597 tam
1723 577 1824 608 parva
1854 567 2006 598 animalia
2034 567 2106 608 plus

461 612 617 644 resistunt
641 624 736 655 quam
761 618 808 645 tot
831 615 952 645 auxilia
975 615 1200 656 prosperitatis
1223 615 1402 657 impellunt.
1448 616 1493 646 ita
1522 627 1593 647 eum
1623 617 1770 648 subiecta
1797 617 1884 649 unda
1914 618 2107 660 praecipitet

461 675 604 703 cursum,
635 676 731 707 supra
760 667 857 697 maris
886 670 1014 708 tergum
1043 667 1208 708 navigium
1237 670 1321 697 stare
1352 670 1477 698 constat
1508 667 1644 698 infixum
1673 669 1819 710 miroque
1842 669 1938 700 modo
1961 670 2108 701 natantia

460 716 653 749 inconcusse
677 718 868 754 retinentur,
899 718 974 749 dum
998 719 1175 750 innumeris
1200 719 1339 750 motibus
1364 719 1450 750 unda
1474 720 1629 762 rapiatur.
1678 720 1742 752 Sed
1770 725 1806 752 ut
1836 721 1980 753 dieamus
2010 722 2106 753 aliam

459 769 555 809 piscis
586 773 749 806 naturam.
783 770 865 801 forte
897 774 1015 802 nautae
1050 771 1290 812 praedictarum
1321 772 1450 802 navium
1483 774 1572 802 tactu
1604 773 1783 814 torpedinis
1816 774 2009 814 segnissime
2039 776 2105 804 tor-

458 824 613 861 puerunt:
645 832 663 852 a
687 832 750 863 qua
774 825 899 853 tantum
925 822 1115 863 infigentum
1139 822 1293 854 dexterae
1317 827 1585 865 praegravantur,
1616 828 1650 855 ut
1673 835 1731 866 per
1755 825 1893 863 hastam,
1926 835 1988 866 qua
2011 825 2107 856 fuerit

460 872 641 911 vulnerata7
666 873 710 904 ita
733 884 863 904 manum
888 874 1099 915 percutientis
1123 874 1255 913 inficiat,
1285 878 1444 916 quatenus
1470 875 1561 906 vivae
1586 875 1790 907 substantiae
1814 887 1889 918 pars
1915 877 1982 907 sine
2007 887 2107 907 sensu

459 923 565 964 aliquo
589 924 761 955 immobilis
786 924 1005 966 obstupescat.
1045 925 1140 956 credo
1165 927 1241 957 talia
1265 927 1478 965 incurrerunt,
1502 928 1556 969 qui
1581 938 1615 958 se
1637 938 1766 959 movere
1784 939 1848 959 non
1864 931 2008 970 possunt.
2049 928 2107 959 sed

437 988 440 997 ›
461 975 602 1006 echinais
625 976 687 1007 illis
709 976 979 1018 impedimentosa
996 977 1154 1008 venalitas
1173 980 1232 1017 est,
1258 978 1450 1009 concharum
1468 989 1593 1010 morsus
1611 980 1760 1010 insatiata
1777 980 1946 1022 cupiditas,
1970 979 2105 1021 torpedo

459 1027 666 1058 fraudulenta
690 1028 862 1060 simulatio.
908 1029 970 1070 ipsi
994 1030 1077 1060 enim
1103 1029 1209 1060 studio
1234 1041 1333 1071 pravo
1357 1030 1480 1061 faciunt
1508 1042 1630 1066 moras.
1659 1035 1694 1062 ut
1723 1032 1912 1063 occasiones
1941 1032 2105 1063 incurrere

459 1078 630 1110 videantur
653 1079 817 1111 adversas.
863 1080 947 1121 quod
972 1081 1159 1122 magnitudo
1184 1084 1253 1116 tua.
1284 1082 1334 1112 cui
1359 1082 1545 1124 specialiter
1569 1083 1719 1114 convenit
1744 1083 1886 1125 cogitare
1911 1083 1950 1114 de
1977 1083 2105 1121 talibus.

459 1131 627 1162 celerrima
644 1131 741 1162 faciat
759 1131 983 1163 emendatione
1005 1133 1171 1174 recorrigi.
1196 1144 1236 1164 ne
1260 1134 1369 1175 inopia
1393 1144 1455 1165 non
1480 1137 1545 1165 tam
1570 1135 1610 1165 ab
1636 1135 1807 1166 sterilitate
1832 1135 1986 1176 temporis
2011 1145 2106 1176 quam

459 1193 477 1212 a
500 1183 709 1224 neglegentia
732 1186 833 1214 matre
858 1186 935 1214 nata
959 1194 1032 1215 esse
1056 1184 1214 1217 videatur.

1205 1346 1362 1379 XXXVI.

869 1414 1097 1446 FERRIOLO
1120 1409 1162 1446 V·
1180 1409 1218 1447 ἒ·
1245 1416 1567 1448 THEODERICUS
1591 1416 1694 1448 REX.
1923 1445 1951 1465 a·
1970 1435 2106 1466 5071511

558 1484 689 1515 Utilitas
713 1494 925 1525 personarum
950 1484 1108 1515 bonorum
1133 1484 1231 1515 debet
1255 1485 1460 1516 successione
1484 1486 1647 1523 renovari⁷
1677 1496 1717 1516 ne
1742 1486 1872 1517 defectu
1897 1463 2106 1518 servientium

458 1536 598 1577 patiatur
622 1535 750 1576 aliquod
775 1546 826 1567 res
852 1547 1012 1577 suspensa
1036 1535 1252 1577 dispendium.
1299 1540 1331 1567 et
1355 1536 1427 1567 ideo
1452 1537 1557 1567 locum
1582 1540 1613 1568 te
1638 1537 1787 1568 iubemus
1813 1538 1975 1579 quondam
1998 1538 2107 1570 Bene-

458 1587 533 1618 dicti
556 1588 588 1618 in
611 1587 797 1618 Pedonensi
821 1588 950 1619 civitate
976 1598 1017 1619 ex
1041 1591 1147 1618 nostra
1173 1589 1368 1619 auctoritate
1393 1589 1574 1630 suscipere.
1606 1592 1641 1620 ut
1664 1590 1769 1620 omnia
1797 1590 1946 1631 vigilanti
1977 1590 2107 1621 ordina-

457 1640 545 1671 tione
581 1650 756 1681 procurans
791 1644 921 1671 nostrae
957 1640 1082 1681 gratiae
1117 1640 1272 1671 merearis
1308 1644 1495 1681 augmenta.
1551 1640 1651 1671 debes
1687 1641 1773 1671 enim
1809 1641 1994 1680 advertere,
2034 1642 2108 1683 quia

413 1699 433 1717 2ι
459 1691 715 1722 vicissitudinem
743 1691 880 1722 reddere
906 1691 1094 1723 studeamus
1119 1692 1214 1728 vivis.
1246 1693 1299 1733 qui
1324 1696 1521 1723 mortuorum
1547 1692 1643 1723 fidem
1667 1703 1730 1723 non
1754 1703 1927 1734 possumus
1951 1693 2105 1725 oblivisci.

455 1743 541 1774 Illud
566 1744 663 1774 etiam
687 1744 817 1785 pietatis
843 1747 974 1775 nostrae
1000 1743 1236 1775 consuetudine
1262 1754 1514 1782 commonemur,
1543 1747 1594 1782 ut,
1625 1745 1774 1785 quoniam
1797 1744 1988 1776 devotorum
2015 1745 2106 1776 nobis

458 1795 614 1826 memoria
643 1795 781 1836 probata
812 1805 875 1826 non
906 1795 1031 1834 deficit,
1070 1795 1204 1826 antefati
1234 1795 1404 1826 Benedicti
1436 1795 1598 1837 quondam
1632 1796 1731 1835 filios,
1766 1796 1821 1838 qui
1855 1796 1980 1828 sincera
2012 1797 2106 1828 nobis

458 1847 663 1888 cognoscitur
688 1847 860 1878 devotione
886 1847 1044 1888 paruisse.
1071 1847 1157 1878 civili
1181 1847 1282 1878 facias
1307 1847 1441 1878 tuitione
1467 1847 1591 1886 vallari.
1617 1850 1775 1889 quatenus
1793 1847 1992 1879 defensionis
2011 1859 2106 1890 prae-

458 1899 558 1930 sentis
584 1898 749 1929 commodo
774 1899 935 1930 sublevati
960 1899 1168 1929 securitatem
1193 1899 1254 1929 sibi
1278 1898 1443 1940 gaudeant
1466 1903 1602 1940 paterna
1627 1900 1759 1930 servitia
1782 1900 1968 1932 contulisse.
2007 1901 2107 1942 prosit

457 1962 534 1991 ergo
559 1951 685 1992 generi.
717 1950 801 1992 quod
824 1951 929 1992 potuit
952 1951 1047 1981 unius
1076 1950 1246 1981 devotione
1277 1951 1452 1992 praestari.
1485 1951 1559 1992 quia
1589 1951 1712 1982 maiora
1742 1962 1800 1982 nos
1830 1952 1923 1983 decet
1952 1952 2106 1989 tribuere,

458 2013 554 2044 quam
584 2002 732 2033 videmur
761 2013 779 2033 a
808 2003 1023 2033 servientibus
1055 2003 1231 2044 accepisse.
1279 2003 1330 2033 hie
1361 2003 1542 2044 aequalitas
1574 2004 1722 2045 aequitas
1755 2015 1820 2035 non
1845 2008 1910 2043 est,
1942 2004 2000 2036 sed
2030 2016 2105 2047 pars

458 2057 568 2085 nostra
591 2054 766 2085 iustissime
791 2058 917 2096 pensat,
943 2065 1014 2085 cum
1039 2054 1203 2085 reddendo
1227 2055 1299 2096 plus
1324 2055 1420 2086 fuerit
1445 2058 1587 2086 onerata.

561 2174 894 2206 Lalsrsn).11x(.i)E(F)

559 2251 571 2275 1
592 2252 668 2276 nauia
682 2251 711 2275 X
776 2253 888 2276 lucidum
908 2253 977 2276 sidus
996 2252 1168 2279 Ix'JIXXEA,
1191 2253 1260 2277 sidus
1280 2253 1391 2277 lucidum
1412 2252 1444 2282 F,
1469 2253 1532 2277 situs
1552 2253 1610 2280 (om.
1632 2253 1742 2283 lucidus)
1764 2253 1788 2277 P
1890 2253 1906 2279 ἴ..)
1924 2255 1972 2279 fide
1992 2255 2104 2279 JIXXE'

457 2294 473 2318 3
498 2295 650 2327 remigisque
671 2294 709 2318 11³¹
815 2296 909 2319 ecinais
928 2295 1035 2325 Lffl‘D,
1062 2297 1182 2328 echinays
1202 2296 1243 2326 M,
1271 2296 1390 2327 echmays
1409 2295 1446 2325 X,
1473 2296 1579 2320 echinus
1599 2296 1683 2326 XEF,
1711 2297 1828 2321 echeneis
1848 2297 1894 2327 210,
1920 2298 2037 2322 ethimais
2056 2299 2104 2328 Ar,

455 2338 562 2361 ethineis
581 2338 610 2361 Κ
720 2336 736 2362 4
757 2337 877 2370 conchae]
903 2339 978 2370 piscis
998 2340 1092 2363 conche
1112 2339 1155 2363 Est
1267 2339 1283 2363 5
1302 2343 1398 2363 tractus
1418 2338 1467 2363 ΡΙ)
1548 2344 1653 2371 possunt
1675 2340 1782 2372 (possint
1801 2340 1862 2367 EA)
1883 2340 1924 2371 el]
1944 2341 1973 2366 el.
1994 2350 2059 2373 poss.
2080 2341 2109 2365 X

455 2380 470 2405 G
490 2379 648 2412 compellere]
664 2380 728 2404 Lvlss
746 2381 898 2411 coniectum,
917 2382 1040 2413 complere
1059 2382 1097 2406 rel
1116 2382 1233 2414 conplere
1254 2382 1344 2413 reliqvit?
1409 2382 1556 2406 timentibus
1572 2382 1613 2406 Κ1
1720 2382 1733 2406 ἶ
1753 2382 1786 2415 et]
1807 2391 1820 2407 e
1834 2383 1864 2406 X
1924 2384 1988 2408 [nter
2006 2385 2064 2416 plus
2083 2388 2104 2409 et

457 2424 578 2447 resistunt
588 2424 675 2447 inserit
686 2432 711 2448 re
722 2424 786 2448 uelis
797 2428 821 2448 et
832 2433 851 2448 c.
864 2433 888 2448 n.
900 2425 923 2448 11.
937 2434 955 2448 υ.
968 2433 991 2448 v.
1005 2425 1097 2449 arridet
1108 2425 1157 2455 ΕΙ,
1171 2425 1234 2449 delet
1246 2424 1286 2448 Ε’ἔ
1369 2423 1384 2448 S
1398 2424 1614 2457 ‘prosperantibus
1626 2426 1669 2450 alii
1682 2426 1778 2457 legunt*
1790 2426 1829 2449 1³2
1842 2430 1883 2457 (m.
1895 2435 1912 2450 s.
1926 2426 1999 2450 XVI
2006 2427 2102 2454 XVII)

507 2467 639 2498 impellant
659 2466 686 2490 E
757 2475 836 2498 praee.
857 2466 933 2499 curs]
955 2476 1020 2491 curs:
1040 2476 1122 2499 praec.
1142 2476 1208 2492 curs.
1223 2467 1260 2491 ]ἰ’1
1374 2466 1406 2491 10
1424 2466 1583 2499 inconcusse]
1603 2468 1720 2492 inexiisse
1734 2467 1774 2492 E¹
1845 2469 1913 2493 unda
1933 2470 1984 2493 iun.
2004 2474 2063 2494 mot.
2078 2470 2107 2494 K

459 2509 487 2533 11
502 2513 564 2541 torp.
579 2513 639 2533 tact.
652 2510 689 2532 Δ10
737 2514 931 2541 torpueruerunt
945 2509 1001 2541 (sic)
1011 2511 1039 2534 Κ
1119 2510 1150 2534 12
1164 2511 1324 2542 infigentium
1336 2510 1465 2534 KXXEA
1515 2512 1618 2535 dextrae
1630 2512 1666 2535 ,10
1714 2511 1760 2535 has
1773 2515 1902 2543 tamquam
1913 2512 1993 2542 LRP,
2006 2513 2103 2537 hastam

456 2560 519 2583 quae
530 2552 559 2575 Κ
636 2551 667 2576 14
681 2551 850 2584 incurrerunt]
865 2553 965 2577 incurre
977 2553 1017 2576 Κ1
1099 2552 1131 2578 15
1144 2554 1238 2577 ecinais
1250 2553 1356 2579 LIfPl),
1371 2554 1492 2585 echynais
1500 2554 1532 2584 Ε,
1545 2555 1690 2586 aechynays
1698 2554 1730 2579 X.
1743 2555 1863 2586 echmays
1874 2554 1905 2585 X,
1920 2555 2028 2579 ethinajs
2038 2556 2103 2585 ΚΜ,

455 2595 551 2619 echinis
564 2595 596 2623 F,
615 2595 726 2619 eehineis
742 2595 765 2618 Α
773 2599 791 2624 1'.
810 2595 926 2619 echeneis
941 2596 978 2618 -10
1091 2596 1122 2620 16
1141 2597 1197 2620 adu.
1219 2605 1271 2620 occ.
1291 2597 1339 2621 inc.
1358 2597 1409 2621 uid.
1423 2597 1452 2621 K
1559 2596 1590 2621 18
1609 2596 1669 2629 non]
1689 2606 1720 2621 ne
1734 2597 1764 2620 N
1832 2596 1875 2629 ab]
1895 2608 1908 2622 :1
1923 2597 1994 2625 ΕΑΘ,
2017 2607 2064 2623 0771.
2080 2599 2105 2622 Κ

517 2638 629 2662 steritate
643 2637 687 2661 Na
781 2636 811 2661 19
831 2638 882 2662 uid.
897 2647 910 2662 a
926 2643 1005 2663 matre
1019 2639 1085 2671 negl.
1100 2644 1160 2663 nata
1176 2648 1229 2663 esse
1246 2639 1272 2662 Κ
1360 2638 1391 2663 21
1413 2640 1537 2664 bonarum
1552 2640 1637 2664 ΚΒΝ
1717 2639 1751 2664 22
1769 2641 1870 2671 aliquod
1891 2641 1997 2672 [aliquid
2010 2641 2102 2672 Mali>

456 2690 494 2705 res
514 2690 581 2713 susp.
602 2690 648 2705 om.
662 2680 703 2704 Pa
808 2679 841 2704 323
860 2681 999 2712 pmlonensi
1014 2682 1039 2705 E
1135 2681 1169 2706 ‘24
1186 2681 1271 2713 debes]
1293 2683 1335 2706 des
1350 2682 1389 2706 Pa
1458 2691 1533 2714 quam
1549 2683 1571 2707 A
1672 2682 1704 2707 26
1724 2683 1782 2707 nob.
1802 2684 1857 2707 deu.
1874 2683 1902 2707 Κ
1997 2683 2029 2708 27
2048 2693 2102 2716 pro-

456 2725 514 2749 bata
534 2734 581 2749 om.
595 2724 634 2748 R¹
707 2724 798 2748 hedit-ti
818 2724 858 2748 ΡΠ
969 2724 1002 2749 ‘28
1021 2724 1164 2756 deuotione]
1184 2726 1232 2750 fide
1255 2725 1309 2751 EF.
1333 2726 1467 2751 deuotione
1486 2726 1527 2750 nel
1547 2726 1594 2749 fide
1614 2725 1642 2749 Κ
1744 2724 1777 2749 29
1796 2730 1900 2757 paterna
1922 2730 2031 2758 (paterra
2050 2726 2102 2755 P³)

455 2776 520 2791 seru.
547 2766 622 2799 cont]
650 2771 716 2791 cont.
743 2771 793 2799 pat.
819 2776 885 2792 seru.
906 2767 958 2791 EF
1098 2768 1128 2792 31
1155 2769 1288 2793 uideamur
1308 2769 1441 2799 Ix'I-JF'2A‚
1469 2770 1605 2794 uideantur
1623 2768 1662 2793 1³¹
1774 2767 1900 2801 aequitas]
1927 2771 2059 2801 equauitas
2078 2770 2108 2793 X

454 2809 486 2834 32
510 2819 622 2842 pensa&v
643 2810 663 2834 L
672 2815 684 2827 ἰ·
