<?xml version="1.0" encoding="UTF-8"?>
<!DOCTYPE html PUBLIC "-//W3C//DTD XHTML 1.0 Transitional//EN"
    "http://www.w3.org/TR/xhtml1/DTD/xhtml1-transitional.dtd">
<html xmlns="http://www.w3.org/1999/xhtml" xml:lang="en" lang="en">
 <head>
  <title>
</title>
<meta http-equiv="Content-Type" content="text/html;charset=utf-8" />
  <meta name='ocr-system' content='tesseract 3.04.00' />
  <meta name='ocr-capabilities' content='ocr_page ocr_carea ocr_par ocr_line ocrx_word'/>
</head>
<body>
  <div class='ocr_page' id='page_1' title='image "./cassiodorisenato00cass_0368.png"; bbox 0 0 2279 3261; ppageno 0'>
   <div class='ocr_carea' id='block_1_1' title="bbox 452 176 1378 211">
    <p class='ocr_par' dir='ltr' id='par_1_1' title="bbox 452 176 1378 211">
     <span class='ocr_line' id='line_1_1' title="bbox 452 176 1378 211; baseline 0.001 -9"><span class='ocrx_word' id='word_1_1' title='bbox 452 182 509 211; x_wconf 78' lang='lat'><strong>178</strong></span> <span class='ocrx_word' id='word_1_2' title='bbox 1166 176 1378 203; x_wconf 75' lang='lat' dir='ltr'><strong>CAssioDom</strong></span> 
     </span>
    </p>
   </div>
   <div class='ocr_carea' id='block_1_2' title="bbox 447 260 2096 457">
    <p class='ocr_par' dir='ltr' id='par_1_2' title="bbox 447 260 2096 457">
     <span class='ocr_line' id='line_1_2' title="bbox 449 260 2094 303; baseline -0.003 -7"><span class='ocrx_word' id='word_1_3' title='bbox 449 266 625 297; x_wconf 83' lang='lat' dir='ltr'>venalitate</span> <span class='ocrx_word' id='word_1_4' title='bbox 655 264 845 298; x_wconf 71' lang='lat' dir='ltr'>vendantur,</span> <span class='ocrx_word' id='word_1_5' title='bbox 877 264 902 293; x_wconf 89' lang='lat' dir='ltr'><strong>si</strong></span> <span class='ocrx_word' id='word_1_6' title='bbox 935 262 1093 294; x_wconf 79' lang='lat' dir='ltr'><strong>exhibitio</strong></span> <span class='ocrx_word' id='word_1_7' title='bbox 1125 263 1299 294; x_wconf 79' lang='lat' dir='ltr'><strong>salubriter</strong></span> <span class='ocrx_word' id='word_1_8' title='bbox 1326 273 1461 294; x_wconf 86' lang='lat' dir='ltr'><strong>accensa</strong></span> <span class='ocrx_word' id='word_1_9' title='bbox 1488 262 1686 292; x_wconf 77' lang='lat' dir='ltr'>thermarum</span> <span class='ocrx_word' id='word_1_10' title='bbox 1716 262 1898 303; x_wconf 80' lang='lat' dir='ltr'><strong>rapinarum</strong></span> <span class='ocrx_word' id='word_1_11' title='bbox 1927 260 2094 292; x_wconf 87' lang='lat' dir='ltr'><strong>ardoribus</strong></span> 
     </span>
     <span class='ocr_line' id='line_1_3' title="bbox 447 312 2096 358; baseline -0.004 -10"><span class='ocrx_word' id='word_1_12' title='bbox 447 328 509 348; x_wconf 90' lang='lat' dir='ltr'><strong>non</strong></span> <span class='ocrx_word' id='word_1_13' title='bbox 534 319 691 358; x_wconf 68' lang='lat' dir='ltr'><strong>tepescat„</strong></span> <span class='ocrx_word' id='word_1_14' title='bbox 716 316 741 345; x_wconf 92' lang='lat' dir='ltr'><strong>si</strong></span> <span class='ocrx_word' id='word_1_15' title='bbox 765 315 998 356; x_wconf 74' lang='lat' dir='ltr'><strong>spectaculum⁷</strong></span> <span class='ocrx_word' id='word_1_16' title='bbox 1024 315 1109 355; x_wconf 91' lang='lat' dir='ltr'><strong>quod</strong></span> <span class='ocrx_word' id='word_1_17' title='bbox 1134 315 1309 356; x_wconf 77' lang='lat' dir='ltr'>praebetur</span> <span class='ocrx_word' id='word_1_18' title='bbox 1334 313 1504 355; x_wconf 72' lang='lat' dir='ltr'><strong>voluptati,</strong></span> <span class='ocrx_word' id='word_1_19' title='bbox 1528 323 1592 343; x_wconf 90' lang='lat' dir='ltr'><strong>non</strong></span> <span class='ocrx_word' id='word_1_20' title='bbox 1617 313 1658 343; x_wconf 89' lang='lat' dir='ltr'><strong>sit</strong></span> <span class='ocrx_word' id='word_1_21' title='bbox 1682 324 1780 344; x_wconf 89' lang='lat' dir='ltr'><strong>causa</strong></span> <span class='ocrx_word' id='word_1_22' title='bbox 1803 313 1908 353; x_wconf 83' lang='lat' dir='ltr'><strong>litigii.</strong></span> <span class='ocrx_word' id='word_1_23' title='bbox 1953 312 2096 343; x_wconf 82' lang='lat' dir='ltr'><strong>suaviter</strong></span> 
     </span>
     <span class='ocr_line' id='line_1_4' title="bbox 448 364 2094 408; baseline -0.003 -10"><span class='ocrx_word' id='word_1_24' title='bbox 448 369 532 399; x_wconf 90' lang='lat' dir='ltr'><strong>enim</strong></span> <span class='ocrx_word' id='word_1_25' title='bbox 559 368 646 408; x_wconf 82' lang='lat' dir='ltr'>cogit</span> <span class='ocrx_word' id='word_1_26' title='bbox 670 370 796 407; x_wconf 86' lang='lat' dir='ltr'><strong>gratum</strong></span> <span class='ocrx_word' id='word_1_27' title='bbox 822 377 895 396; x_wconf 89' lang='lat' dir='ltr'><strong>esse</strong></span> <span class='ocrx_word' id='word_1_28' title='bbox 920 366 1089 407; x_wconf 55' lang='lat' dir='ltr'><strong>populumq</strong></span> <span class='ocrx_word' id='word_1_29' title='bbox 1122 366 1267 407; x_wconf 89' lang='lat' dir='ltr'><strong>quisquis</strong></span> <span class='ocrx_word' id='word_1_30' title='bbox 1293 366 1324 396; x_wconf 91' lang='lat' dir='ltr'><strong>in</strong></span> <span class='ocrx_word' id='word_1_31' title='bbox 1350 364 1577 396; x_wconf 81' lang='lat' dir='ltr'><strong>certaminibus</strong></span> <span class='ocrx_word' id='word_1_32' title='bbox 1603 364 1743 405; x_wconf 88' lang='lat' dir='ltr'><strong>partium</strong></span> <span class='ocrx_word' id='word_1_33' title='bbox 1767 364 1909 395; x_wconf 82' lang='lat' dir='ltr'><strong>declinat</strong></span> <span class='ocrx_word' id='word_1_34' title='bbox 1932 364 2094 394; x_wconf 89' lang='lat' dir='ltr'><strong>iniustum.</strong></span> 
     </span>
     <span class='ocr_line' id='line_1_5' title="bbox 448 415 2093 457; baseline -0.002 -8"><span class='ocrx_word' id='word_1_35' title='bbox 448 419 552 449; x_wconf 84' lang='lat' dir='ltr'><strong>Tanta</strong></span> <span class='ocrx_word' id='word_1_36' title='bbox 576 418 660 449; x_wconf 91' lang='lat' dir='ltr'><strong>enim</strong></span> <span class='ocrx_word' id='word_1_37' title='bbox 685 418 732 448; x_wconf 91' lang='lat' dir='ltr'><strong>vis</strong></span> <span class='ocrx_word' id='word_1_38' title='bbox 759 420 808 448; x_wconf 89' lang='lat' dir='ltr'><strong>est</strong></span> <span class='ocrx_word' id='word_1_39' title='bbox 832 417 993 457; x_wconf 83' lang='lat' dir='ltr'><strong>gloriosae</strong></span> <span class='ocrx_word' id='word_1_40' title='bbox 1016 417 1172 448; x_wconf 86' lang='lat' dir='ltr'><strong>veritatis.</strong></span> <span class='ocrx_word' id='word_1_41' title='bbox 1196 421 1232 447; x_wconf 89' lang='lat' dir='ltr'><strong>ut</strong></span> <span class='ocrx_word' id='word_1_42' title='bbox 1256 417 1352 447; x_wconf 85' lang='lat' dir='ltr'><strong>etiam</strong></span> <span class='ocrx_word' id='word_1_43' title='bbox 1378 417 1409 446; x_wconf 90' lang='lat' dir='ltr'><strong>in</strong></span> <span class='ocrx_word' id='word_1_44' title='bbox 1427 415 1524 446; x_wconf 87' lang='lat' dir='ltr'><strong>rebus</strong></span> <span class='ocrx_word' id='word_1_45' title='bbox 1543 415 1700 445; x_wconf 86' lang='lat' dir='ltr'><strong>scaenicis</strong></span> <span class='ocrx_word' id='word_1_46' title='bbox 1719 415 1865 456; x_wconf 89' lang='lat' dir='ltr'><strong>aequitas</strong></span> <span class='ocrx_word' id='word_1_47' title='bbox 1881 415 2093 446; x_wconf 84' lang='lat' dir='ltr'><strong>desideretur.</strong></span> 
     </span>
    </p>
   </div>
   <div class='ocr_carea' id='block_1_3' title="bbox 416 466 2091 509">
    <p class='ocr_par' dir='ltr' id='par_1_3' title="bbox 416 466 2091 509">
     <span class='ocr_line' id='line_1_6' title="bbox 416 466 2091 509; baseline -0.003 -9"><span class='ocrx_word' id='word_1_48' title='bbox 416 478 426 494; x_wconf 72' lang='lat'><strong>7»</strong></span> <span class='ocrx_word' id='word_1_49' title='bbox 447 470 711 501; x_wconf 83' lang='lat' dir='ltr'><strong>ammonitionum</strong></span> <span class='ocrx_word' id='word_1_50' title='bbox 735 468 833 509; x_wconf 87' lang='lat' dir='ltr'><strong>igitur</strong></span> <span class='ocrx_word' id='word_1_51' title='bbox 856 468 967 498; x_wconf 86' lang='lat' dir='ltr'><strong>ordine</strong></span> <span class='ocrx_word' id='word_1_52' title='bbox 992 468 1129 499; x_wconf 88' lang='lat' dir='ltr'><strong>decurso</strong></span> <span class='ocrx_word' id='word_1_53' title='bbox 1154 478 1211 509; x_wconf 90' lang='lat' dir='ltr'><strong>per</strong></span> <span class='ocrx_word' id='word_1_54' title='bbox 1236 467 1443 498; x_wconf 74' lang='lat' dir='ltr'><strong>indictionem</strong></span> <span class='ocrx_word' id='word_1_55' title='bbox 1467 467 1553 497; x_wconf 90' lang='lat' dir='ltr'><strong>illam</strong></span> <span class='ocrx_word' id='word_1_56' title='bbox 1578 466 1691 496; x_wconf 87' lang='lat' dir='ltr'><strong>habitu</strong></span> <span class='ocrx_word' id='word_1_57' title='bbox 1716 469 1747 496; x_wconf 91' lang='lat' dir='ltr'><strong>te</strong></span> <span class='ocrx_word' id='word_1_58' title='bbox 1772 469 1900 506; x_wconf 88' lang='lat' dir='ltr'><strong>togatae</strong></span> <span class='ocrx_word' id='word_1_59' title='bbox 1925 466 2091 507; x_wconf 80' lang='lat' dir='ltr'><strong>dignitatis</strong></span> 
     </span>
    </p>
   </div>
   <div class='ocr_carea' id='block_1_4' title="bbox 405 913 428 930">
    <p class='ocr_par' dir='ltr' id='par_1_4' title="bbox 405 913 428 930">
     <span class='ocr_line' id='line_1_7' title="bbox 405 913 428 930; baseline 0.087 -3"><span class='ocrx_word' id='word_1_60' title='bbox 405 913 428 930; x_wconf 67' lang='grc' dir='ltr'><strong>ιι)</strong></span> 
     </span>
    </p>
   </div>
   <div class='ocr_carea' id='block_1_5' title="bbox 405 1187 427 1204">
    <p class='ocr_par' dir='ltr' id='par_1_5' title="bbox 405 1187 427 1204">
     <span class='ocr_line' id='line_1_8' title="bbox 405 1187 427 1204; baseline 0 0"><span class='ocrx_word' id='word_1_61' title='bbox 405 1187 427 1204; x_wconf 71' lang='grc'><strong>15</strong></span> 
     </span>
    </p>
   </div>
   <div class='ocr_carea' id='block_1_6' title="bbox 365 1232 383 1261">
    <p class='ocr_par' dir='ltr' id='par_1_6' title="bbox 365 1232 383 1261">
     <span class='ocr_line' id='line_1_9' title="bbox 365 1232 383 1261; textangle 90"><span class='ocrx_word' id='word_1_62' title='bbox 365 1232 383 1261; x_wconf 59' lang='lat'><strong>10</strong></span> 
     </span>
    </p>
   </div>
   <div class='ocr_carea' id='block_1_7' title="bbox 403 1446 428 1463">
    <p class='ocr_par' dir='ltr' id='par_1_7' title="bbox 403 1446 428 1463">
     <span class='ocr_line' id='line_1_10' title="bbox 403 1446 428 1463; baseline -0.08 0"><span class='ocrx_word' id='word_1_63' title='bbox 403 1446 428 1463; x_wconf 58' lang='grc' dir='ltr'><strong>*ΔΟ</strong></span> 
     </span>
    </p>
   </div>
   <div class='ocr_carea' id='block_1_8' title="bbox 446 517 2095 715">
    <p class='ocr_par' dir='ltr' id='par_1_8' title="bbox 446 517 2095 715">
     <span class='ocr_line' id='line_1_11' title="bbox 447 517 2094 559; baseline -0.003 -8"><span class='ocrx_word' id='word_1_64' title='bbox 447 532 607 559; x_wconf 78' lang='lat' dir='ltr'><strong>ornamus,</strong></span> <span class='ocrx_word' id='word_1_65' title='bbox 631 523 666 551; x_wconf 92' lang='lat' dir='ltr'><strong>ut</strong></span> <span class='ocrx_word' id='word_1_66' title='bbox 682 519 813 551; x_wconf 90' lang='lat' dir='ltr'><strong>indutus</strong></span> <span class='ocrx_word' id='word_1_67' title='bbox 831 523 921 551; x_wconf 89' lang='lat' dir='ltr'><strong>veste</strong></span> <span class='ocrx_word' id='word_1_68' title='bbox 939 519 1099 550; x_wconf 86' lang='lat' dir='ltr'><strong>Romulea</strong></span> <span class='ocrx_word' id='word_1_69' title='bbox 1115 520 1185 550; x_wconf 88' lang='lat' dir='ltr'><strong>iura</strong></span> <span class='ocrx_word' id='word_1_70' title='bbox 1202 519 1322 550; x_wconf 88' lang='lat' dir='ltr'><strong>debeas</strong></span> <span class='ocrx_word' id='word_1_71' title='bbox 1340 518 1505 549; x_wconf 81' lang='lat' dir='ltr'><strong>adfectare</strong></span> <span class='ocrx_word' id='word_1_72' title='bbox 1521 518 1678 548; x_wconf 84' lang='lat' dir='ltr'><strong>Romana.</strong></span> <span class='ocrx_word' id='word_1_73' title='bbox 1718 527 1791 547; x_wconf 87' lang='lat' dir='ltr'><strong>nam</strong></span> <span class='ocrx_word' id='word_1_74' title='bbox 1816 517 1843 547; x_wconf 94' lang='lat' dir='ltr'><strong>si</strong></span> <span class='ocrx_word' id='word_1_75' title='bbox 1866 517 1919 547; x_wconf 87' lang='lat' dir='ltr'><strong>isti</strong></span> <span class='ocrx_word' id='word_1_76' title='bbox 1943 517 2094 558; x_wconf 87' lang='lat' dir='ltr'><strong>dignitati</strong></span> 
     </span>
     <span class='ocr_line' id='line_1_12' title="bbox 446 569 2095 614; baseline -0.002 -12"><span class='ocrx_word' id='word_1_77' title='bbox 446 583 503 614; x_wconf 89' lang='lat' dir='ltr'><strong>par</strong></span> <span class='ocrx_word' id='word_1_78' title='bbox 533 572 647 610; x_wconf 82' lang='lat' dir='ltr'><strong>fueris,</strong></span> <span class='ocrx_word' id='word_1_79' title='bbox 677 571 755 602; x_wconf 90' lang='lat' dir='ltr'><strong>nihil</strong></span> <span class='ocrx_word' id='word_1_80' title='bbox 786 575 836 602; x_wconf 89' lang='lat' dir='ltr'><strong>est</strong></span> <span class='ocrx_word' id='word_1_81' title='bbox 864 571 949 612; x_wconf 91' lang='lat' dir='ltr'><strong>quod</strong></span> <span class='ocrx_word' id='word_1_82' title='bbox 972 582 990 602; x_wconf 82' lang='lat' dir='ltr'><strong>a</strong></span> <span class='ocrx_word' id='word_1_83' title='bbox 1015 571 1107 602; x_wconf 91' lang='lat' dir='ltr'><strong>nobis</strong></span> <span class='ocrx_word' id='word_1_84' title='bbox 1134 572 1264 601; x_wconf 89' lang='lat' dir='ltr'><strong>minime</strong></span> <span class='ocrx_word' id='word_1_85' title='bbox 1289 570 1509 611; x_wconf 79' lang='lat' dir='ltr'><strong>consequaris.</strong></span> <span class='ocrx_word' id='word_1_86' title='bbox 1556 569 1596 599; x_wconf 84' lang='lat' dir='ltr'><strong>ad</strong></span> <span class='ocrx_word' id='word_1_87' title='bbox 1621 570 1728 599; x_wconf 91' lang='lat' dir='ltr'><strong>omnia</strong></span> <span class='ocrx_word' id='word_1_88' title='bbox 1753 569 1837 600; x_wconf 89' lang='lat' dir='ltr'><strong>enim</strong></span> <span class='ocrx_word' id='word_1_89' title='bbox 1862 569 1919 599; x_wconf 90' lang='lat' dir='ltr'><strong>tali</strong></span> <span class='ocrx_word' id='word_1_90' title='bbox 1943 569 2095 610; x_wconf 86' lang='lat' dir='ltr'><strong>suffragio</strong></span> 
     </span>
     <span class='ocr_line' id='line_1_13' title="bbox 447 620 2095 664; baseline -0.002 -10"><span class='ocrx_word' id='word_1_91' title='bbox 447 624 508 655; x_wconf 89' lang='lat' dir='ltr'><strong>eris</strong></span> <span class='ocrx_word' id='word_1_92' title='bbox 526 623 736 654; x_wconf 82' lang='lat' dir='ltr'><strong>nihilominus</strong></span> <span class='ocrx_word' id='word_1_93' title='bbox 761 623 889 664; x_wconf 68' lang='lat' dir='ltr'><strong>dignus,</strong></span> <span class='ocrx_word' id='word_1_94' title='bbox 915 623 941 653; x_wconf 91' lang='lat' dir='ltr'><strong>si</strong></span> <span class='ocrx_word' id='word_1_95' title='bbox 965 623 1125 653; x_wconf 81' lang='lat' dir='ltr'><strong>actionem</strong></span> <span class='ocrx_word' id='word_1_96' title='bbox 1151 626 1239 652; x_wconf 90' lang='lat' dir='ltr'><strong>tuam</strong></span> <span class='ocrx_word' id='word_1_97' title='bbox 1264 621 1375 652; x_wconf 85' lang='lat' dir='ltr'><strong>laudet</strong></span> <span class='ocrx_word' id='word_1_98' title='bbox 1401 624 1542 651; x_wconf 86' lang='lat' dir='ltr'><strong>senatus.</strong></span> <span class='ocrx_word' id='word_1_99' title='bbox 1583 621 1728 662; x_wconf 87' lang='lat' dir='ltr'><strong>perfecta</strong></span> <span class='ocrx_word' id='word_1_100' title='bbox 1753 620 1838 651; x_wconf 88' lang='lat' dir='ltr'><strong>enim</strong></span> <span class='ocrx_word' id='word_1_101' title='bbox 1862 621 1909 651; x_wconf 91' lang='lat' dir='ltr'><strong>rei</strong></span> <span class='ocrx_word' id='word_1_102' title='bbox 1932 620 2011 651; x_wconf 88' lang='lat' dir='ltr'><strong>fides</strong></span> <span class='ocrx_word' id='word_1_103' title='bbox 2037 623 2095 659; x_wconf 65' lang='lat' dir='ltr'><strong>est,</strong></span> 
     </span>
     <span class='ocr_line' id='line_1_14' title="bbox 446 674 1375 715; baseline -0.001 -10"><span class='ocrx_word' id='word_1_104' title='bbox 446 675 500 705; x_wconf 91' lang='lat' dir='ltr'><strong>ubi</strong></span> <span class='ocrx_word' id='word_1_105' title='bbox 526 675 738 706; x_wconf 82' lang='lat' dir='ltr'><strong>consentanei</strong></span> <span class='ocrx_word' id='word_1_106' title='bbox 762 678 865 706; x_wconf 90' lang='lat' dir='ltr'><strong>testes</strong></span> <span class='ocrx_word' id='word_1_107' title='bbox 890 674 1069 715; x_wconf 84' lang='lat' dir='ltr'><strong>probantur</strong></span> <span class='ocrx_word' id='word_1_108' title='bbox 1094 685 1165 705; x_wconf 89' lang='lat' dir='ltr'><strong>esse</strong></span> <span class='ocrx_word' id='word_1_109' title='bbox 1191 677 1375 704; x_wconf 87' lang='lat' dir='ltr'><strong>summates.</strong></span> 
     </span>
    </p>
   </div>
   <div class='ocr_carea' id='block_1_9' title="bbox 992 835 1551 939">
    <p class='ocr_par' dir='ltr' id='par_1_9' title="bbox 992 835 1551 939">
     <span class='ocr_line' id='line_1_15' title="bbox 1252 835 1292 865; baseline 0 0"><span class='ocrx_word' id='word_1_110' title='bbox 1252 835 1292 865; x_wconf 82' lang='lat' dir='ltr'><strong>v.</strong></span> 
     </span>
     <span class='ocr_line' id='line_1_16' title="bbox 992 903 1551 939; baseline 0 -5"><span class='ocrx_word' id='word_1_111' title='bbox 992 903 1211 934; x_wconf 78' lang='lat' dir='ltr'><strong>FORMULA</strong></span> <span class='ocrx_word' id='word_1_112' title='bbox 1236 903 1551 939; x_wconf 80' lang='lat' dir='ltr'><strong>QUAESTURAE.</strong></span> 
     </span>
    </p>
   </div>
   <div class='ocr_carea' id='block_1_10' title="bbox 446 972 2099 1687">
    <p class='ocr_par' dir='ltr' id='par_1_10' title="bbox 446 972 2099 1687">
     <span class='ocr_line' id='line_1_17' title="bbox 549 972 2096 1015; baseline 0 -11"><span class='ocrx_word' id='word_1_113' title='bbox 549 974 584 1004; x_wconf 82' lang='lat' dir='ltr'><strong>Si</strong></span> <span class='ocrx_word' id='word_1_114' title='bbox 609 976 733 1004; x_wconf 86' lang='lat' dir='ltr'><strong>tantum</strong></span> <span class='ocrx_word' id='word_1_115' title='bbox 759 974 865 1003; x_wconf 86' lang='lat' dir='ltr'><strong>clarae</strong></span> <span class='ocrx_word' id='word_1_116' title='bbox 892 976 966 1003; x_wconf 90' lang='lat' dir='ltr'><strong>sunt</strong></span> <span class='ocrx_word' id='word_1_117' title='bbox 990 972 1165 1013; x_wconf 83' lang='lat' dir='ltr'><strong>dignitates</strong></span> <span class='ocrx_word' id='word_1_118' title='bbox 1191 976 1346 1013; x_wconf 87' lang='lat' dir='ltr'><strong>quantum</strong></span> <span class='ocrx_word' id='word_1_119' title='bbox 1371 973 1490 1003; x_wconf 90' lang='lat' dir='ltr'><strong>nostris</strong></span> <span class='ocrx_word' id='word_1_120' title='bbox 1509 973 1696 1014; x_wconf 78' lang='lat' dir='ltr'><strong>aspectibus</strong></span> <span class='ocrx_word' id='word_1_121' title='bbox 1714 974 1933 1015; x_wconf 63' lang='lat' dir='ltr'><strong>pcrfruuntun</strong></span> <span class='ocrx_word' id='word_1_122' title='bbox 1959 973 1985 1004; x_wconf 90' lang='lat' dir='ltr'><strong>si</strong></span> <span class='ocrx_word' id='word_1_123' title='bbox 2002 984 2096 1015; x_wconf 91' lang='lat' dir='ltr'><strong>prae-</strong></span> 
     </span>
     <span class='ocr_line' id='line_1_18' title="bbox 446 1024 2097 1066; baseline 0 -11"><span class='ocrx_word' id='word_1_124' title='bbox 446 1025 550 1056; x_wconf 88' lang='lat' dir='ltr'><strong>sentia</strong></span> <span class='ocrx_word' id='word_1_125' title='bbox 574 1025 725 1066; x_wconf 87' lang='lat' dir='ltr'><strong>frequens</strong></span> <span class='ocrx_word' id='word_1_126' title='bbox 756 1024 861 1066; x_wconf 87' lang='lat' dir='ltr'><strong>prodit</strong></span> <span class='ocrx_word' id='word_1_127' title='bbox 891 1024 1088 1054; x_wconf 87' lang='lat' dir='ltr'><strong>dominantis</strong></span> <span class='ocrx_word' id='word_1_128' title='bbox 1121 1024 1286 1060; x_wconf 78' lang='lat' dir='ltr'><strong>affectum,</strong></span> <span class='ocrx_word' id='word_1_129' title='bbox 1317 1024 1424 1054; x_wconf 88' lang='lat' dir='ltr'><strong>nullus</strong></span> <span class='ocrx_word' id='word_1_130' title='bbox 1456 1024 1499 1054; x_wconf 87' lang='lat' dir='ltr'><strong>ita</strong></span> <span class='ocrx_word' id='word_1_131' title='bbox 1531 1024 1671 1055; x_wconf 86' lang='lat' dir='ltr'><strong>iudicum</strong></span> <span class='ocrx_word' id='word_1_132' title='bbox 1701 1028 1809 1066; x_wconf 88' lang='lat' dir='ltr'><strong>potest</strong></span> <span class='ocrx_word' id='word_1_133' title='bbox 1838 1036 1911 1056; x_wconf 88' lang='lat' dir='ltr'><strong>esse</strong></span> <span class='ocrx_word' id='word_1_134' title='bbox 1941 1025 2097 1066; x_wconf 85' lang='lat' dir='ltr'><strong>gloriosus</strong></span> 
     </span>
     <span class='ocr_line' id='line_1_19' title="bbox 447 1076 2097 1118; baseline 0.001 -12"><span class='ocrx_word' id='word_1_135' title='bbox 447 1087 541 1117; x_wconf 87' lang='lat' dir='ltr'><strong>quam</strong></span> <span class='ocrx_word' id='word_1_136' title='bbox 579 1076 632 1106; x_wconf 90' lang='lat' dir='ltr'><strong>ille</strong></span> <span class='ocrx_word' id='word_1_137' title='bbox 671 1076 723 1117; x_wconf 94' lang='lat' dir='ltr'><strong>qui</strong></span> <span class='ocrx_word' id='word_1_138' title='bbox 760 1080 809 1107; x_wconf 89' lang='lat' dir='ltr'><strong>est</strong></span> <span class='ocrx_word' id='word_1_139' title='bbox 843 1077 873 1106; x_wconf 91' lang='lat' dir='ltr'><strong>in</strong></span> <span class='ocrx_word' id='word_1_140' title='bbox 908 1076 1140 1117; x_wconf 80' lang='lat' dir='ltr'><strong>cogitationum</strong></span> <span class='ocrx_word' id='word_1_141' title='bbox 1174 1080 1356 1106; x_wconf 83' lang='lat' dir='ltr'><strong>nostrarum</strong></span> <span class='ocrx_word' id='word_1_142' title='bbox 1389 1076 1640 1117; x_wconf 84' lang='lat' dir='ltr'><strong>participatione</strong></span> <span class='ocrx_word' id='word_1_143' title='bbox 1676 1080 1857 1118; x_wconf 89' lang='lat' dir='ltr'><strong>susceptus.</strong></span> <span class='ocrx_word' id='word_1_144' title='bbox 1909 1077 1980 1107; x_wconf 88' lang='lat' dir='ltr'><strong>aliis</strong></span> <span class='ocrx_word' id='word_1_145' title='bbox 2013 1077 2097 1107; x_wconf 90' lang='lat' dir='ltr'><strong>enim</strong></span> 
     </span>
     <span class='ocr_line' id='line_1_20' title="bbox 446 1127 2097 1169; baseline 0 -11"><span class='ocrx_word' id='word_1_146' title='bbox 446 1128 605 1169; x_wconf 86' lang='lat' dir='ltr'><strong>pecuniae</strong></span> <span class='ocrx_word' id='word_1_147' title='bbox 631 1128 780 1169; x_wconf 89' lang='lat' dir='ltr'><strong>publicae</strong></span> <span class='ocrx_word' id='word_1_148' title='bbox 805 1128 1034 1158; x_wconf 81' lang='lat' dir='ltr'><strong>committimus</strong></span> <span class='ocrx_word' id='word_1_149' title='bbox 1059 1128 1331 1168; x_wconf 82' lang='lat' dir='ltr'><strong>procurationem.</strong></span> <span class='ocrx_word' id='word_1_150' title='bbox 1357 1127 1430 1157; x_wconf 88' lang='lat' dir='ltr'><strong>aliis</strong></span> <span class='ocrx_word' id='word_1_151' title='bbox 1455 1138 1569 1158; x_wconf 83' lang='lat' dir='ltr'><strong>causas</strong></span> <span class='ocrx_word' id='word_1_152' title='bbox 1588 1128 1795 1159; x_wconf 87' lang='lat' dir='ltr'><strong>concedimus</strong></span> <span class='ocrx_word' id='word_1_153' title='bbox 1813 1128 2000 1165; x_wconf 66' lang='lat' dir='ltr'><strong>audiendas,</strong></span> <span class='ocrx_word' id='word_1_154' title='bbox 2026 1128 2097 1158; x_wconf 88' lang='lat' dir='ltr'><strong>aliis</strong></span> 
     </span>
     <span class='ocr_line' id='line_1_21' title="bbox 446 1179 2097 1221; baseline 0 -11"><span class='ocrx_word' id='word_1_155' title='bbox 446 1179 633 1221; x_wconf 80' lang='lat' dir='ltr'><strong>patrimonii</strong></span> <span class='ocrx_word' id='word_1_156' title='bbox 664 1180 765 1210; x_wconf 85' lang='lat' dir='ltr'><strong>nostri</strong></span> <span class='ocrx_word' id='word_1_157' title='bbox 798 1180 868 1210; x_wconf 89' lang='lat' dir='ltr'><strong>iura</strong></span> <span class='ocrx_word' id='word_1_158' title='bbox 899 1179 1104 1220; x_wconf 85' lang='lat' dir='ltr'><strong>delegamus:</strong></span> <span class='ocrx_word' id='word_1_159' title='bbox 1145 1182 1351 1220; x_wconf 81' lang='lat' dir='ltr'><strong>quaesturam</strong></span> <span class='ocrx_word' id='word_1_160' title='bbox 1384 1182 1452 1210; x_wconf 84' lang='lat' dir='ltr'><strong>toto</strong></span> <span class='ocrx_word' id='word_1_161' title='bbox 1486 1179 1582 1209; x_wconf 86' lang='lat' dir='ltr'><strong>corde</strong></span> <span class='ocrx_word' id='word_1_162' title='bbox 1615 1180 1802 1221; x_wconf 71' lang='lat' dir='ltr'><strong>recipimus7</strong></span> <span class='ocrx_word' id='word_1_163' title='bbox 1841 1190 1935 1221; x_wconf 86' lang='lat' dir='ltr'><strong>quam</strong></span> <span class='ocrx_word' id='word_1_164' title='bbox 1967 1182 2097 1210; x_wconf 81' lang='lat' dir='ltr'><strong>nostrae</strong></span> 
     </span>
     <span class='ocr_line' id='line_1_22' title="bbox 446 1231 2099 1272; baseline 0 -11"><span class='ocrx_word' id='word_1_165' title='bbox 446 1231 576 1272; x_wconf 85' lang='lat' dir='ltr'><strong>linguae</strong></span> <span class='ocrx_word' id='word_1_166' title='bbox 613 1241 724 1262; x_wconf 84' lang='lat' dir='ltr'><strong>vocem</strong></span> <span class='ocrx_word' id='word_1_167' title='bbox 761 1241 833 1262; x_wconf 87' lang='lat' dir='ltr'><strong>csse</strong></span> <span class='ocrx_word' id='word_1_168' title='bbox 871 1242 1051 1262; x_wconf 82' lang='lat' dir='ltr'><strong>censemus.</strong></span> <span class='ocrx_word' id='word_1_169' title='bbox 1108 1231 1199 1262; x_wconf 90' lang='lat' dir='ltr'><strong>Haec</strong></span> <span class='ocrx_word' id='word_1_170' title='bbox 1237 1231 1354 1261; x_wconf 86' lang='lat' dir='ltr'><strong>nostris</strong></span> <span class='ocrx_word' id='word_1_171' title='bbox 1392 1231 1642 1271; x_wconf 78' lang='lat' dir='ltr'><strong>cogitationibus</strong></span> <span class='ocrx_word' id='word_1_172' title='bbox 1679 1231 1863 1262; x_wconf 85' lang='lat' dir='ltr'><strong>necessario</strong></span> <span class='ocrx_word' id='word_1_173' title='bbox 1898 1231 2099 1262; x_wconf 82' lang='lat' dir='ltr'><strong>familiariter</strong></span> 
     </span>
     <span class='ocr_line' id='line_1_23' title="bbox 446 1282 2097 1325; baseline 0 -12"><span class='ocrx_word' id='word_1_174' title='bbox 446 1283 637 1324; x_wconf 69' lang='lat' dir='ltr'><strong>applicatur,</strong></span> <span class='ocrx_word' id='word_1_175' title='bbox 662 1286 698 1314; x_wconf 87' lang='lat' dir='ltr'><strong>ut</strong></span> <span class='ocrx_word' id='word_1_176' title='bbox 721 1284 850 1325; x_wconf 86' lang='lat' dir='ltr'><strong>proprie</strong></span> <span class='ocrx_word' id='word_1_177' title='bbox 877 1283 985 1314; x_wconf 86' lang='lat' dir='ltr'><strong>dicere</strong></span> <span class='ocrx_word' id='word_1_178' title='bbox 1010 1283 1113 1324; x_wconf 87' lang='lat' dir='ltr'><strong>possit</strong></span> <span class='ocrx_word' id='word_1_179' title='bbox 1138 1282 1222 1324; x_wconf 93' lang='lat' dir='ltr'><strong>quod</strong></span> <span class='ocrx_word' id='word_1_180' title='bbox 1248 1293 1305 1313; x_wconf 88' lang='lat' dir='ltr'><strong>nos</strong></span> <span class='ocrx_word' id='word_1_181' title='bbox 1331 1284 1451 1314; x_wconf 87' lang='lat' dir='ltr'><strong>sentire</strong></span> <span class='ocrx_word' id='word_1_182' title='bbox 1477 1283 1654 1324; x_wconf 82' lang='lat' dir='ltr'><strong>cognoscit:</strong></span> <span class='ocrx_word' id='word_1_183' title='bbox 1689 1283 1857 1314; x_wconf 86' lang='lat' dir='ltr'><strong>arbitrium</strong></span> <span class='ocrx_word' id='word_1_184' title='bbox 1883 1294 1960 1314; x_wconf 89' lang='lat' dir='ltr'><strong>suae</strong></span> <span class='ocrx_word' id='word_1_185' title='bbox 1986 1283 2097 1314; x_wconf 89' lang='lat' dir='ltr'><strong>volun-</strong></span> 
     </span>
     <span class='ocr_line' id='line_1_24' title="bbox 446 1334 2098 1376; baseline 0 -11"><span class='ocrx_word' id='word_1_186' title='bbox 446 1335 521 1365; x_wconf 91' lang='lat' dir='ltr'><strong>tatis</strong></span> <span class='ocrx_word' id='word_1_187' title='bbox 552 1334 683 1376; x_wconf 88' lang='lat' dir='ltr'><strong>deponit</strong></span> <span class='ocrx_word' id='word_1_188' title='bbox 712 1338 743 1365; x_wconf 90' lang='lat' dir='ltr'><strong>et</strong></span> <span class='ocrx_word' id='word_1_189' title='bbox 774 1335 818 1365; x_wconf 85' lang='lat' dir='ltr'><strong>ita</strong></span> <span class='ocrx_word' id='word_1_190' title='bbox 848 1335 967 1365; x_wconf 87' lang='lat' dir='ltr'><strong>mentis</strong></span> <span class='ocrx_word' id='word_1_191' title='bbox 998 1337 1128 1365; x_wconf 85' lang='lat' dir='ltr'><strong>nostrae</strong></span> <span class='ocrx_word' id='word_1_192' title='bbox 1159 1334 1243 1365; x_wconf 86' lang='lat' dir='ltr'><strong>velle</strong></span> <span class='ocrx_word' id='word_1_193' title='bbox 1276 1334 1424 1375; x_wconf 65' lang='lat' dir='ltr'><strong>suseipit‚</strong></span> <span class='ocrx_word' id='word_1_194' title='bbox 1458 1338 1493 1365; x_wconf 93' lang='lat' dir='ltr'><strong>ut</strong></span> <span class='ocrx_word' id='word_1_195' title='bbox 1524 1345 1542 1365; x_wconf 87' lang='lat' dir='ltr'><strong>a</strong></span> <span class='ocrx_word' id='word_1_196' title='bbox 1572 1334 1664 1365; x_wconf 87' lang='lat' dir='ltr'><strong>nobis</strong></span> <span class='ocrx_word' id='word_1_197' title='bbox 1695 1335 1797 1375; x_wconf 86' lang='lat' dir='ltr'><strong>magis</strong></span> <span class='ocrx_word' id='word_1_198' title='bbox 1828 1337 1961 1376; x_wconf 85' lang='lat' dir='ltr'><strong>putetur</strong></span> <span class='ocrx_word' id='word_1_199' title='bbox 1990 1334 2098 1365; x_wconf 82' lang='lat' dir='ltr'><strong>exisse</strong></span> 
     </span>
     <span class='ocr_line' id='line_1_25' title="bbox 446 1385 2098 1428; baseline 0 -11"><span class='ocrx_word' id='word_1_200' title='bbox 446 1386 531 1428; x_wconf 92' lang='lat' dir='ltr'><strong>quod</strong></span> <span class='ocrx_word' id='word_1_201' title='bbox 548 1387 699 1428; x_wconf 77' lang='lat' dir='ltr'><strong>loquitur.</strong></span> <span class='ocrx_word' id='word_1_202' title='bbox 745 1398 762 1417; x_wconf 90' lang='lat' dir='ltr'><strong>o</strong></span> <span class='ocrx_word' id='word_1_203' title='bbox 787 1397 881 1428; x_wconf 91' lang='lat' dir='ltr'><strong>quam</strong></span> <span class='ocrx_word' id='word_1_204' title='bbox 906 1386 1041 1416; x_wconf 81' lang='lat' dir='ltr'><strong>arduum</strong></span> <span class='ocrx_word' id='word_1_205' title='bbox 1067 1390 1116 1416; x_wconf 79' lang='lat' dir='ltr'><strong>est</strong></span> <span class='ocrx_word' id='word_1_206' title='bbox 1140 1385 1321 1416; x_wconf 88' lang='lat' dir='ltr'><strong>subiectum</strong></span> <span class='ocrx_word' id='word_1_207' title='bbox 1347 1386 1445 1416; x_wconf 79' lang='lat' dir='ltr'><strong>verba</strong></span> <span class='ocrx_word' id='word_1_208' title='bbox 1470 1386 1666 1417; x_wconf 88' lang='lat' dir='ltr'><strong>dominantis</strong></span> <span class='ocrx_word' id='word_1_209' title='bbox 1691 1397 1869 1423; x_wconf 64' lang='lat' dir='ltr'><strong>assumere,</strong></span> <span class='ocrx_word' id='word_1_210' title='bbox 1894 1386 1979 1427; x_wconf 92' lang='lat' dir='ltr'><strong>loqui</strong></span> <span class='ocrx_word' id='word_1_211' title='bbox 2002 1396 2098 1427; x_wconf 84' lang='lat' dir='ltr'><strong>posse</strong></span> 
     </span>
     <span class='ocr_line' id='line_1_26' title="bbox 447 1437 2097 1479; baseline -0.001 -10"><span class='ocrx_word' id='word_1_212' title='bbox 447 1438 532 1479; x_wconf 90' lang='lat' dir='ltr'><strong>quod</strong></span> <span class='ocrx_word' id='word_1_213' title='bbox 557 1441 703 1469; x_wconf 87' lang='lat' dir='ltr'><strong>nostrum</strong></span> <span class='ocrx_word' id='word_1_214' title='bbox 729 1438 880 1469; x_wconf 83' lang='lat' dir='ltr'><strong>credatur</strong></span> <span class='ocrx_word' id='word_1_215' title='bbox 904 1442 935 1469; x_wconf 87' lang='lat' dir='ltr'><strong>ct</strong></span> <span class='ocrx_word' id='word_1_216' title='bbox 960 1438 1105 1479; x_wconf 83' lang='lat' dir='ltr'><strong>provecti</strong></span> <span class='ocrx_word' id='word_1_217' title='bbox 1130 1438 1160 1467; x_wconf 91' lang='lat' dir='ltr'><strong>in</strong></span> <span class='ocrx_word' id='word_1_218' title='bbox 1190 1438 1356 1479; x_wconf 86' lang='lat' dir='ltr'><strong>publicum</strong></span> <span class='ocrx_word' id='word_1_219' title='bbox 1388 1437 1536 1468; x_wconf 85' lang='lat' dir='ltr'><strong>decorem</strong></span> <span class='ocrx_word' id='word_1_220' title='bbox 1569 1438 1739 1478; x_wconf 81' lang='lat' dir='ltr'><strong>gloriosam</strong></span> <span class='ocrx_word' id='word_1_221' title='bbox 1768 1438 1877 1469; x_wconf 89' lang='lat' dir='ltr'><strong>facere</strong></span> <span class='ocrx_word' id='word_1_222' title='bbox 1906 1437 2097 1468; x_wconf 77' lang='lat' dir='ltr'><strong>falsitatem!</strong></span> 
     </span>
     <span class='ocr_line' id='line_1_27' title="bbox 448 1489 2097 1531; baseline 0.001 -11"><span class='ocrx_word' id='word_1_223' title='bbox 448 1489 659 1521; x_wconf 84' lang='lat' dir='ltr'><strong>Considerate</strong></span> <span class='ocrx_word' id='word_1_224' title='bbox 678 1490 752 1531; x_wconf 86' lang='lat' dir='ltr'><strong>quid</strong></span> <span class='ocrx_word' id='word_1_225' title='bbox 777 1490 929 1531; x_wconf 85' lang='lat' dir='ltr'><strong>ponderis</strong></span> <span class='ocrx_word' id='word_1_226' title='bbox 954 1490 1104 1520; x_wconf 81' lang='lat' dir='ltr'><strong>habeatis</strong></span> <span class='ocrx_word' id='word_1_227' title='bbox 1129 1490 1251 1531; x_wconf 86' lang='lat' dir='ltr'><strong>pariter</strong></span> <span class='ocrx_word' id='word_1_228' title='bbox 1276 1494 1307 1520; x_wconf 91' lang='lat' dir='ltr'><strong>et</strong></span> <span class='ocrx_word' id='word_1_229' title='bbox 1331 1490 1468 1521; x_wconf 84' lang='lat' dir='ltr'><strong>decoris.</strong></span> <span class='ocrx_word' id='word_1_230' title='bbox 1509 1491 1535 1521; x_wconf 89' lang='lat' dir='ltr'><strong>si</strong></span> <span class='ocrx_word' id='word_1_231' title='bbox 1560 1490 1635 1531; x_wconf 92' lang='lat' dir='ltr'><strong>quid</strong></span> <span class='ocrx_word' id='word_1_232' title='bbox 1660 1490 1856 1525; x_wconf 67' lang='lat' dir='ltr'><strong>dubitamus,</strong></span> <span class='ocrx_word' id='word_1_233' title='bbox 1882 1501 1901 1521; x_wconf 87' lang='lat' dir='ltr'><strong>a</strong></span> <span class='ocrx_word' id='word_1_234' title='bbox 1924 1493 2097 1531; x_wconf 86' lang='lat' dir='ltr'><strong>quaestore</strong></span> 
     </span>
     <span class='ocr_line' id='line_1_28' title="bbox 447 1541 2098 1584; baseline 0.001 -13"><span class='ocrx_word' id='word_1_235' title='bbox 447 1541 653 1582; x_wconf 66' lang='lat' dir='ltr'><strong>requirimus,</strong></span> <span class='ocrx_word' id='word_1_236' title='bbox 686 1542 738 1582; x_wconf 92' lang='lat' dir='ltr'><strong>qui</strong></span> <span class='ocrx_word' id='word_1_237' title='bbox 771 1546 819 1572; x_wconf 89' lang='lat' dir='ltr'><strong>est</strong></span> <span class='ocrx_word' id='word_1_238' title='bbox 850 1542 1021 1572; x_wconf 83' lang='lat' dir='ltr'><strong>thesaurus</strong></span> <span class='ocrx_word' id='word_1_239' title='bbox 1050 1541 1155 1572; x_wconf 83' lang='lat' dir='ltr'><strong>famae</strong></span> <span class='ocrx_word' id='word_1_240' title='bbox 1188 1541 1352 1582; x_wconf 74' lang='lat' dir='ltr'><strong>publicae.</strong></span> <span class='ocrx_word' id='word_1_241' title='bbox 1384 1542 1556 1572; x_wconf 77' lang='lat' dir='ltr'><strong>armarium</strong></span> <span class='ocrx_word' id='word_1_242' title='bbox 1584 1542 1709 1582; x_wconf 78' lang='lat' dir='ltr'><strong>legum,</strong></span> <span class='ocrx_word' id='word_1_243' title='bbox 1741 1546 1871 1584; x_wconf 86' lang='lat' dir='ltr'><strong>paratus</strong></span> <span class='ocrx_word' id='word_1_244' title='bbox 1903 1552 2029 1583; x_wconf 85' lang='lat' dir='ltr'><strong>semper</strong></span> <span class='ocrx_word' id='word_1_245' title='bbox 2059 1541 2098 1572; x_wconf 86' lang='lat' dir='ltr'><strong>ad</strong></span> 
     </span>
     <span class='ocr_line' id='line_1_29' title="bbox 449 1593 2098 1635; baseline 0.001 -12"><span class='ocrx_word' id='word_1_246' title='bbox 449 1593 590 1624; x_wconf 88' lang='lat' dir='ltr'><strong>subitum</strong></span> <span class='ocrx_word' id='word_1_247' title='bbox 622 1597 668 1628; x_wconf 65' lang='lat' dir='ltr'><strong>et„</strong></span> <span class='ocrx_word' id='word_1_248' title='bbox 704 1597 739 1623; x_wconf 93' lang='lat' dir='ltr'><strong>ut</strong></span> <span class='ocrx_word' id='word_1_249' title='bbox 772 1594 816 1624; x_wconf 90' lang='lat' dir='ltr'><strong>ait</strong></span> <span class='ocrx_word' id='word_1_250' title='bbox 844 1593 1004 1634; x_wconf 85' lang='lat' dir='ltr'><strong>Tullius¹)</strong></span> <span class='ocrx_word' id='word_1_251' title='bbox 1037 1594 1193 1634; x_wconf 84' lang='lat' dir='ltr'><strong>magister</strong></span> <span class='ocrx_word' id='word_1_252' title='bbox 1221 1595 1443 1635; x_wconf 75' lang='lat' dir='ltr'><strong>eloquentiae,</strong></span> <span class='ocrx_word' id='word_1_253' title='bbox 1480 1593 1557 1624; x_wconf 86' lang='lat' dir='ltr'><strong>nihil</strong></span> <span class='ocrx_word' id='word_1_254' title='bbox 1587 1594 1817 1635; x_wconf 79' lang='lat' dir='ltr'><strong>praestabilius</strong></span> <span class='ocrx_word' id='word_1_255' title='bbox 1848 1594 1975 1625; x_wconf 86' lang='lat' dir='ltr'><strong>videtur</strong></span> <span class='ocrx_word' id='word_1_256' title='bbox 2004 1604 2098 1635; x_wconf 87' lang='lat' dir='ltr'><strong>quau]</strong></span> 
     </span>
     <span class='ocr_line' id='line_1_30' title="bbox 448 1645 2098 1687; baseline 0 -11"><span class='ocrx_word' id='word_1_257' title='bbox 448 1656 543 1687; x_wconf 90' lang='lat' dir='ltr'><strong>posse</strong></span> <span class='ocrx_word' id='word_1_258' title='bbox 568 1645 706 1676; x_wconf 91' lang='lat' dir='ltr'><strong>dicendo</strong></span> <span class='ocrx_word' id='word_1_259' title='bbox 731 1649 843 1676; x_wconf 78' lang='lat' dir='ltr'><strong>tenere</strong></span> <span class='ocrx_word' id='word_1_260' title='bbox 869 1645 1035 1675; x_wconf 87' lang='lat' dir='ltr'><strong>hominum</strong></span> <span class='ocrx_word' id='word_1_261' title='bbox 1062 1649 1203 1679; x_wconf 45' lang='lat' dir='ltr'><strong>mente&amp;</strong></span> <span class='ocrx_word' id='word_1_262' title='bbox 1229 1646 1361 1676; x_wconf 80' lang='lat' dir='ltr'><strong>allicere</strong></span> <span class='ocrx_word' id='word_1_263' title='bbox 1386 1646 1586 1680; x_wconf 70' lang='lat' dir='ltr'><strong>voluntates,</strong></span> <span class='ocrx_word' id='word_1_264' title='bbox 1616 1646 1783 1687; x_wconf 88' lang='lat' dir='ltr'><strong>impellere</strong></span> <span class='ocrx_word' id='word_1_265' title='bbox 1813 1656 1874 1686; x_wconf 90' lang='lat' dir='ltr'><strong>quo</strong></span> <span class='ocrx_word' id='word_1_266' title='bbox 1900 1646 1990 1684; x_wconf 68' lang='lat' dir='ltr'><strong>velit7</strong></span> <span class='ocrx_word' id='word_1_267' title='bbox 2015 1645 2098 1676; x_wconf 91' lang='lat' dir='ltr'><strong>unde</strong></span> 
     </span>
    </p>
   </div>
   <div class='ocr_carea' id='block_1_11' title="bbox 405 1696 2100 1739">
    <p class='ocr_par' dir='ltr' id='par_1_11' title="bbox 405 1696 2100 1739">
     <span class='ocr_line' id='line_1_31' title="bbox 405 1696 2100 1739; baseline 0.001 -12"><span class='ocrx_word' id='word_1_268' title='bbox 405 1706 422 1722; x_wconf 42' lang='lat'><strong>2¹⁷</strong></span> <span class='ocrx_word' id='word_1_269' title='bbox 449 1700 556 1727; x_wconf 87' lang='lat' dir='ltr'><strong>autem</strong></span> <span class='ocrx_word' id='word_1_270' title='bbox 587 1697 678 1733; x_wconf 59' lang='lat' dir='ltr'><strong>velit,</strong></span> <span class='ocrx_word' id='word_1_271' title='bbox 710 1696 881 1727; x_wconf 86' lang='lat' dir='ltr'><strong>deducere.</strong></span> <span class='ocrx_word' id='word_1_272' title='bbox 935 1708 1008 1727; x_wconf 84' lang='lat' dir='ltr'><strong>nam</strong></span> <span class='ocrx_word' id='word_1_273' title='bbox 1041 1697 1066 1727; x_wconf 92' lang='lat' dir='ltr'><strong>si</strong></span> <span class='ocrx_word' id='word_1_274' title='bbox 1096 1697 1230 1727; x_wconf 79' lang='lat' dir='ltr'><strong>oratoris</strong></span> <span class='ocrx_word' id='word_1_275' title='bbox 1261 1700 1309 1727; x_wconf 85' lang='lat' dir='ltr'><strong>est</strong></span> <span class='ocrx_word' id='word_1_276' title='bbox 1340 1697 1503 1739; x_wconf 88' lang='lat' dir='ltr'><strong>proprium</strong></span> <span class='ocrx_word' id='word_1_277' title='bbox 1533 1698 1675 1738; x_wconf 87' lang='lat' dir='ltr'><strong>graviter</strong></span> <span class='ocrx_word' id='word_1_278' title='bbox 1704 1700 1737 1728; x_wconf 85' lang='lat' dir='ltr'><strong>et</strong></span> <span class='ocrx_word' id='word_1_279' title='bbox 1765 1701 1877 1728; x_wconf 78' lang='lat' dir='ltr'><strong>ornate</strong></span> <span class='ocrx_word' id='word_1_280' title='bbox 1909 1697 2035 1733; x_wconf 64' lang='lat' dir='ltr'><strong>dicere„</strong></span> <span class='ocrx_word' id='word_1_281' title='bbox 2065 1701 2100 1728; x_wconf 84' lang='lat' dir='ltr'><strong>ut</strong></span> 
     </span>
    </p>
   </div>
   <div class='ocr_carea' id='block_1_12' title="bbox 448 1749 2101 1945">
    <p class='ocr_par' dir='ltr' id='par_1_12' title="bbox 448 1749 2101 1945">
     <span class='ocr_line' id='line_1_32' title="bbox 448 1749 2099 1791; baseline 0.001 -12"><span class='ocrx_word' id='word_1_282' title='bbox 448 1749 550 1790; x_wconf 89' lang='lat' dir='ltr'><strong>possit</strong></span> <span class='ocrx_word' id='word_1_283' title='bbox 584 1749 706 1779; x_wconf 87' lang='lat' dir='ltr'><strong>animos</strong></span> <span class='ocrx_word' id='word_1_284' title='bbox 740 1749 880 1779; x_wconf 77' lang='lat' dir='ltr'><strong>iudicum</strong></span> <span class='ocrx_word' id='word_1_285' title='bbox 912 1759 1129 1779; x_wconf 81' lang='lat' dir='ltr'><strong>commovere.</strong></span> <span class='ocrx_word' id='word_1_286' title='bbox 1167 1753 1286 1789; x_wconf 90' lang='lat' dir='ltr'><strong>quanto</strong></span> <span class='ocrx_word' id='word_1_287' title='bbox 1320 1749 1489 1780; x_wconf 85' lang='lat' dir='ltr'><strong>facundior</strong></span> <span class='ocrx_word' id='word_1_288' title='bbox 1520 1749 1619 1780; x_wconf 90' lang='lat' dir='ltr'><strong>debet</strong></span> <span class='ocrx_word' id='word_1_289' title='bbox 1652 1760 1737 1785; x_wconf 75' lang='lat' dir='ltr'><strong>esse,</strong></span> <span class='ocrx_word' id='word_1_290' title='bbox 1774 1749 1827 1790; x_wconf 92' lang='lat' dir='ltr'><strong>qui</strong></span> <span class='ocrx_word' id='word_1_291' title='bbox 1858 1759 1912 1779; x_wconf 91' lang='lat' dir='ltr'><strong>ore</strong></span> <span class='ocrx_word' id='word_1_292' title='bbox 1945 1749 2099 1791; x_wconf 89' lang='lat' dir='ltr'><strong>principis</strong></span> 
     </span>
     <span class='ocr_line' id='line_1_33' title="bbox 448 1800 2098 1842; baseline 0.001 -11"><span class='ocrx_word' id='word_1_293' title='bbox 448 1801 587 1842; x_wconf 88' lang='lat' dir='ltr'><strong>populos</strong></span> <span class='ocrx_word' id='word_1_294' title='bbox 616 1801 758 1831; x_wconf 89' lang='lat' dir='ltr'><strong>noscitur</strong></span> <span class='ocrx_word' id='word_1_295' title='bbox 789 1811 991 1832; x_wconf 40' lang='lat' dir='ltr'><strong>ammonere*</strong></span> <span class='ocrx_word' id='word_1_296' title='bbox 1022 1804 1057 1830; x_wconf 90' lang='lat' dir='ltr'><strong>ut</strong></span> <span class='ocrx_word' id='word_1_297' title='bbox 1086 1804 1174 1831; x_wconf 86' lang='lat' dir='ltr'><strong>recta</strong></span> <span class='ocrx_word' id='word_1_298' title='bbox 1204 1800 1352 1841; x_wconf 55' lang='lat' dir='ltr'><strong>diligam</strong></span> <span class='ocrx_word' id='word_1_299' title='bbox 1383 1811 1538 1842; x_wconf 85' lang='lat' dir='ltr'><strong>perversa</strong></span> <span class='ocrx_word' id='word_1_300' title='bbox 1562 1804 1783 1834; x_wconf 56' lang='lat' dir='ltr'><strong>oontemnann</strong></span> <span class='ocrx_word' id='word_1_301' title='bbox 1816 1800 1917 1831; x_wconf 89' lang='lat' dir='ltr'><strong>bonos</strong></span> <span class='ocrx_word' id='word_1_302' title='bbox 1942 1801 2010 1831; x_wconf 90' lang='lat' dir='ltr'><strong>sine</strong></span> <span class='ocrx_word' id='word_1_303' title='bbox 2035 1801 2098 1832; x_wconf 87' lang='lat' dir='ltr'><strong>fine</strong></span> 
     </span>
     <span class='ocr_line' id='line_1_34' title="bbox 449 1851 2101 1894; baseline 0.001 -12"><span class='ocrx_word' id='word_1_304' title='bbox 449 1851 592 1888; x_wconf 72' lang='lat' dir='ltr'><strong>laudent,</strong></span> <span class='ocrx_word' id='word_1_305' title='bbox 622 1853 782 1894; x_wconf 90' lang='lat' dir='ltr'><strong>pessimos</strong></span> <span class='ocrx_word' id='word_1_306' title='bbox 808 1852 1017 1882; x_wconf 85' lang='lat' dir='ltr'><strong>vehementer</strong></span> <span class='ocrx_word' id='word_1_307' title='bbox 1041 1855 1216 1882; x_wconf 67' lang='lat' dir='ltr'><strong>accusent?</strong></span> <span class='ocrx_word' id='word_1_308' title='bbox 1263 1856 1298 1882; x_wconf 92' lang='lat' dir='ltr'><strong>ut</strong></span> <span class='ocrx_word' id='word_1_309' title='bbox 1323 1863 1426 1893; x_wconf 83' lang='lat' dir='ltr'><strong>paene</strong></span> <span class='ocrx_word' id='word_1_310' title='bbox 1451 1852 1569 1883; x_wconf 85' lang='lat' dir='ltr'><strong>feriata</strong></span> <span class='ocrx_word' id='word_1_311' title='bbox 1592 1853 1632 1882; x_wconf 91' lang='lat' dir='ltr'><strong>sit</strong></span> <span class='ocrx_word' id='word_1_312' title='bbox 1656 1852 1823 1883; x_wconf 81' lang='lat' dir='ltr'><strong>districtio.</strong></span> <span class='ocrx_word' id='word_1_313' title='bbox 1852 1852 1907 1882; x_wconf 83' lang='lat' dir='ltr'><strong>ubi</strong></span> <span class='ocrx_word' id='word_1_314' title='bbox 1933 1853 2101 1894; x_wconf 87' lang='lat' dir='ltr'><strong>praevalet</strong></span> 
     </span>
     <span class='ocr_line' id='line_1_35' title="bbox 449 1903 2101 1945; baseline 0.001 -11"><span class='ocrx_word' id='word_1_315' title='bbox 449 1904 656 1945; x_wconf 87' lang='lat' dir='ltr'><strong>eloquentiae</strong></span> <span class='ocrx_word' id='word_1_316' title='bbox 674 1904 839 1934; x_wconf 87' lang='lat' dir='ltr'><strong>fortitudo.</strong></span> <span class='ocrx_word' id='word_1_317' title='bbox 880 1904 921 1934; x_wconf 86' lang='lat' dir='ltr'><strong>sit</strong></span> <span class='ocrx_word' id='word_1_318' title='bbox 938 1904 1080 1934; x_wconf 85' lang='lat' dir='ltr'><strong>imitator</strong></span> <span class='ocrx_word' id='word_1_319' title='bbox 1097 1903 1370 1944; x_wconf 87' lang='lat' dir='ltr'><strong>prudentissimus</strong></span> <span class='ocrx_word' id='word_1_320' title='bbox 1388 1905 1603 1945; x_wconf 83' lang='lat' dir='ltr'><strong>antiquorum.</strong></span> <span class='ocrx_word' id='word_1_321' title='bbox 1627 1914 1734 1935; x_wconf 87' lang='lat' dir='ltr'><strong>mores</strong></span> <span class='ocrx_word' id='word_1_322' title='bbox 1760 1907 1791 1934; x_wconf 86' lang='lat' dir='ltr'><strong>et</strong></span> <span class='ocrx_word' id='word_1_323' title='bbox 1815 1904 1936 1935; x_wconf 89' lang='lat' dir='ltr'><strong>alienos</strong></span> <span class='ocrx_word' id='word_1_324' title='bbox 1962 1904 2101 1945; x_wconf 84' lang='lat' dir='ltr'><strong>corrigat</strong></span> 
     </span>
    </p>
   </div>
   <div class='ocr_carea' id='block_1_13' title="bbox 407 1955 2100 1997">
    <p class='ocr_par' dir='ltr' id='par_1_13' title="bbox 407 1955 2100 1997">
     <span class='ocr_line' id='line_1_36' title="bbox 407 1955 2100 1997; baseline 0 -11"><span class='ocrx_word' id='word_1_325' title='bbox 407 1975 410 1979; x_wconf 86' lang='lat'><em>-</em></span> <span class='ocrx_word' id='word_1_326' title='bbox 451 1959 482 1986; x_wconf 87' lang='lat' dir='ltr'><strong>et</strong></span> <span class='ocrx_word' id='word_1_327' title='bbox 507 1966 581 1986; x_wconf 89' lang='lat' dir='ltr'><strong>suos</strong></span> <span class='ocrx_word' id='word_1_328' title='bbox 607 1955 717 1986; x_wconf 89' lang='lat' dir='ltr'><strong>debita</strong></span> <span class='ocrx_word' id='word_1_329' title='bbox 740 1956 925 1997; x_wconf 86' lang='lat' dir='ltr'><strong>integritate</strong></span> <span class='ocrx_word' id='word_1_330' title='bbox 950 1955 1120 1986; x_wconf 82' lang='lat' dir='ltr'><strong>custodiat.</strong></span> <span class='ocrx_word' id='word_1_331' title='bbox 1168 1955 1281 1986; x_wconf 82' lang='lat' dir='ltr'><strong>Talem</strong></span> <span class='ocrx_word' id='word_1_332' title='bbox 1306 1955 1445 1997; x_wconf 91' lang='lat' dir='ltr'><strong>denique</strong></span> <span class='ocrx_word' id='word_1_333' title='bbox 1471 1959 1598 1997; x_wconf 87' lang='lat' dir='ltr'><strong>oportet</strong></span> <span class='ocrx_word' id='word_1_334' title='bbox 1623 1966 1692 1986; x_wconf 87' lang='lat' dir='ltr'><strong>esse</strong></span> <span class='ocrx_word' id='word_1_335' title='bbox 1717 1958 1940 1996; x_wconf 76' lang='lat' dir='ltr'><strong>quaestorem,</strong></span> <span class='ocrx_word' id='word_1_336' title='bbox 1971 1956 2100 1997; x_wconf 86' lang='lat' dir='ltr'><strong>qualem</strong></span> 
     </span>
    </p>
   </div>
   <div class='ocr_carea' id='block_1_14' title="bbox 450 2007 2100 2152">
    <p class='ocr_par' dir='ltr' id='par_1_14' title="bbox 450 2007 2100 2152">
     <span class='ocr_line' id='line_1_37' title="bbox 450 2007 2099 2049; baseline 0.001 -12"><span class='ocrx_word' id='word_1_337' title='bbox 450 2010 579 2049; x_wconf 88' lang='lat' dir='ltr'><strong>portare</strong></span> <span class='ocrx_word' id='word_1_338' title='bbox 604 2008 758 2049; x_wconf 82' lang='lat' dir='ltr'><strong>principis</strong></span> <span class='ocrx_word' id='word_1_339' title='bbox 784 2007 878 2038; x_wconf 85' lang='lat' dir='ltr'><strong>decet</strong></span> <span class='ocrx_word' id='word_1_340' title='bbox 902 2008 1087 2049; x_wconf 83' lang='lat' dir='ltr'><strong>imaginem.</strong></span> <span class='ocrx_word' id='word_1_341' title='bbox 1135 2018 1207 2037; x_wconf 86' lang='lat' dir='ltr'><strong>nam</strong></span> <span class='ocrx_word' id='word_1_342' title='bbox 1233 2008 1259 2038; x_wconf 85' lang='lat' dir='ltr'><strong>si</strong></span> <span class='ocrx_word' id='word_1_343' title='bbox 1284 2019 1352 2043; x_wconf 51' lang='lat' dir='ltr'><strong>nos.¹</strong></span> <span class='ocrx_word' id='word_1_344' title='bbox 1382 2011 1417 2038; x_wconf 91' lang='lat' dir='ltr'><strong>ut</strong></span> <span class='ocrx_word' id='word_1_345' title='bbox 1441 2008 1572 2042; x_wconf 70' lang='lat' dir='ltr'><strong>assolet,</strong></span> <span class='ocrx_word' id='word_1_346' title='bbox 1602 2017 1733 2038; x_wconf 87' lang='lat' dir='ltr'><strong>causam</strong></span> <span class='ocrx_word' id='word_1_347' title='bbox 1758 2007 1859 2047; x_wconf 86' lang='lat' dir='ltr'><strong>gestis</strong></span> <span class='ocrx_word' id='word_1_348' title='bbox 1883 2007 1994 2038; x_wconf 83' lang='lat' dir='ltr'><strong>audire</strong></span> <span class='ocrx_word' id='word_1_349' title='bbox 2023 2018 2099 2038; x_wconf 89' lang='lat' dir='ltr'><strong>con-</strong></span> 
     </span>
     <span class='ocr_line' id='line_1_38' title="bbox 450 2059 2099 2100; baseline 0 -12"><span class='ocrx_word' id='word_1_350' title='bbox 450 2059 569 2099; x_wconf 72' lang='lat' dir='ltr'><strong>tingat,</strong></span> <span class='ocrx_word' id='word_1_351' title='bbox 600 2069 682 2100; x_wconf 86' lang='lat' dir='ltr'><strong>quac</strong></span> <span class='ocrx_word' id='word_1_352' title='bbox 707 2059 885 2089; x_wconf 85' lang='lat' dir='ltr'><strong>auctoritas</strong></span> <span class='ocrx_word' id='word_1_353' title='bbox 911 2060 970 2089; x_wconf 89' lang='lat' dir='ltr'><strong>erit</strong></span> <span class='ocrx_word' id='word_1_354' title='bbox 995 2059 1139 2100; x_wconf 72' lang='lat' dir='ltr'><strong>linguae,</strong></span> <span class='ocrx_word' id='word_1_355' title='bbox 1174 2070 1255 2100; x_wconf 85' lang='lat' dir='ltr'><strong>quae</strong></span> <span class='ocrx_word' id='word_1_356' title='bbox 1282 2059 1341 2089; x_wconf 88' lang='lat' dir='ltr'><strong>sub</strong></span> <span class='ocrx_word' id='word_1_357' title='bbox 1368 2060 1470 2090; x_wconf 84' lang='lat' dir='ltr'><strong>oculis</strong></span> <span class='ocrx_word' id='word_1_358' title='bbox 1495 2060 1637 2100; x_wconf 85' lang='lat' dir='ltr'><strong>regalem</strong></span> <span class='ocrx_word' id='word_1_359' title='bbox 1663 2059 1792 2099; x_wconf 84' lang='lat' dir='ltr'><strong>genium</strong></span> <span class='ocrx_word' id='word_1_360' title='bbox 1818 2059 1920 2100; x_wconf 89' lang='lat' dir='ltr'><strong>possit</strong></span> <span class='ocrx_word' id='word_1_361' title='bbox 1943 2059 2099 2100; x_wconf 74' lang='lat' dir='ltr'><strong>implere?</strong></span> 
     </span>
     <span class='ocr_line' id='line_1_39' title="bbox 451 2110 2100 2152; baseline 0.001 -12"><span class='ocrx_word' id='word_1_362' title='bbox 451 2110 565 2141; x_wconf 87' lang='lat' dir='ltr'><strong>adesse</strong></span> <span class='ocrx_word' id='word_1_363' title='bbox 601 2110 698 2141; x_wconf 90' lang='lat' dir='ltr'><strong>debet</strong></span> <span class='ocrx_word' id='word_1_364' title='bbox 733 2111 869 2141; x_wconf 83' lang='lat' dir='ltr'><strong>scientia</strong></span> <span class='ocrx_word' id='word_1_365' title='bbox 904 2111 996 2142; x_wconf 78' lang='lat' dir='ltr'><strong>iuris.</strong></span> <span class='ocrx_word' id='word_1_366' title='bbox 1034 2111 1161 2141; x_wconf 84' lang='lat' dir='ltr'><strong>cautela</strong></span> <span class='ocrx_word' id='word_1_367' title='bbox 1194 2112 1366 2141; x_wconf 78' lang='lat' dir='ltr'><strong>sermonis.</strong></span> <span class='ocrx_word' id='word_1_368' title='bbox 1403 2115 1437 2142; x_wconf 89' lang='lat' dir='ltr'><strong>ut</strong></span> <span class='ocrx_word' id='word_1_369' title='bbox 1468 2122 1562 2142; x_wconf 87' lang='lat' dir='ltr'><strong>nemo</strong></span> <span class='ocrx_word' id='word_1_370' title='bbox 1595 2111 1713 2142; x_wconf 86' lang='lat' dir='ltr'><strong>debeat</strong></span> <span class='ocrx_word' id='word_1_371' title='bbox 1744 2111 1983 2152; x_wconf 82' lang='lat' dir='ltr'><strong>reprehendere</strong></span> <span class='ocrx_word' id='word_1_372' title='bbox 2015 2110 2100 2152; x_wconf 89' lang='lat' dir='ltr'><strong>quod</strong></span> 
     </span>
    </p>
   </div>
   <div class='ocr_carea' id='block_1_15' title="bbox 450 2239 2104 2694">
    <p class='ocr_par' dir='ltr' id='par_1_15' title="bbox 553 2239 805 2271">
     <span class='ocr_line' id='line_1_40' title="bbox 553 2239 805 2271; baseline 0.008 -8"><span class='ocrx_word' id='word_1_373' title='bbox 553 2239 805 2271; x_wconf 60' lang='lat' dir='ltr'><strong>LRKPfflyEfF)</strong></span> 
     </span>
    </p>

    <p class='ocr_par' dir='ltr' id='par_1_16' title="bbox 450 2316 2104 2694">
     <span class='ocr_line' id='line_1_41' title="bbox 555 2316 2100 2351; baseline 0.001 -11"><span class='ocrx_word' id='word_1_374' title='bbox 555 2316 568 2340; x_wconf 91' lang='lat'>1</span> <span class='ocrx_word' id='word_1_375' title='bbox 589 2317 690 2341; x_wconf 83' lang='lat' dir='ltr'><strong>incensa</strong></span> <span class='ocrx_word' id='word_1_376' title='bbox 706 2317 736 2343; x_wconf 77' lang='lat' dir='ltr'><strong>F.</strong></span> <span class='ocrx_word' id='word_1_377' title='bbox 755 2318 855 2341; x_wconf 80' lang='lat' dir='ltr'><strong>intensa</strong></span> <span class='ocrx_word' id='word_1_378' title='bbox 869 2317 908 2341; x_wconf 70' lang='lat' dir='ltr'><strong>E·-</strong></span> <span class='ocrx_word' id='word_1_379' title='bbox 1014 2318 1030 2341; x_wconf 74' lang='lat'><em>2</em></span> <span class='ocrx_word' id='word_1_380' title='bbox 1049 2318 1211 2350; x_wconf 73' lang='lat' dir='ltr'><strong>uoluptatum</strong></span> <span class='ocrx_word' id='word_1_381' title='bbox 1226 2317 1308 2351; x_wconf 71' lang='lat' dir='ltr'><em>R¹[?]</em></span> <span class='ocrx_word' id='word_1_382' title='bbox 1414 2316 1430 2341; x_wconf 84' lang='lat'>4</span> <span class='ocrx_word' id='word_1_383' title='bbox 1448 2318 1515 2341; x_wconf 81' lang='lat' dir='ltr'><strong>enim</strong></span> <span class='ocrx_word' id='word_1_384' title='bbox 1536 2317 1595 2342; x_wconf 73' lang='lat' dir='ltr'><strong>(vm.</strong></span> <span class='ocrx_word' id='word_1_385' title='bbox 1609 2317 1643 2349; x_wconf 80' lang='lat' dir='ltr'><strong>R)</strong></span> <span class='ocrx_word' id='word_1_386' title='bbox 1664 2318 1703 2341; x_wconf 85' lang='lat' dir='ltr'><strong>uis</strong></span> <span class='ocrx_word' id='word_1_387' title='bbox 1722 2316 1769 2349; x_wconf 76' lang='lat' dir='ltr'><strong>est]</strong></span> <span class='ocrx_word' id='word_1_388' title='bbox 1790 2322 1828 2342; x_wconf 79' lang='lat' dir='ltr'><strong>est</strong></span> <span class='ocrx_word' id='word_1_389' title='bbox 1847 2327 1886 2342; x_wconf 82' lang='lat' dir='ltr'><strong>en.</strong></span> <span class='ocrx_word' id='word_1_390' title='bbox 1907 2319 1946 2342; x_wconf 87' lang='lat' dir='ltr'><strong>uis</strong></span> <span class='ocrx_word' id='word_1_391' title='bbox 1962 2318 1983 2341; x_wconf 77' lang='lat' dir='ltr'><em>A</em></span> <span class='ocrx_word' id='word_1_392' title='bbox 2060 2318 2100 2342; x_wconf 84' lang='lat' dir='ltr'><strong>de-</strong></span> 
     </span>
     <span class='ocr_line' id='line_1_42' title="bbox 450 2358 2099 2393; baseline 0.001 -10"><span class='ocrx_word' id='word_1_393' title='bbox 450 2358 582 2391; x_wconf 79' lang='lat' dir='ltr'><strong>sideretur]</strong></span> <span class='ocrx_word' id='word_1_394' title='bbox 603 2360 727 2384; x_wconf 80' lang='lat' dir='ltr'><strong>desideret</strong></span> <span class='ocrx_word' id='word_1_395' title='bbox 746 2364 774 2384; x_wconf 88' lang='lat' dir='ltr'><strong>ut</strong></span> <span class='ocrx_word' id='word_1_396' title='bbox 792 2360 841 2383; x_wconf 70' lang='lat' dir='ltr'><strong>TV</strong></span> <span class='ocrx_word' id='word_1_397' title='bbox 938 2358 953 2383; x_wconf 63' lang='grc' dir='ltr'><strong>Γ)</strong></span> <span class='ocrx_word' id='word_1_398' title='bbox 974 2360 1072 2392; x_wconf 76' lang='lat' dir='ltr'><strong>habitu]</strong></span> <span class='ocrx_word' id='word_1_399' title='bbox 1093 2361 1170 2385; x_wconf 82' lang='lat' dir='ltr'><strong>habui</strong></span> <span class='ocrx_word' id='word_1_400' title='bbox 1186 2361 1225 2385; x_wconf 81' lang='lat' dir='ltr'><strong>Pa</strong></span> <span class='ocrx_word' id='word_1_401' title='bbox 1291 2366 1375 2393; x_wconf 68' lang='lat' dir='ltr'><strong>togato</strong></span> <span class='ocrx_word' id='word_1_402' title='bbox 1391 2360 1413 2384; x_wconf 77' lang='lat' dir='ltr'><em>H</em></span> <span class='ocrx_word' id='word_1_403' title='bbox 1513 2361 1528 2384; x_wconf 71' lang='lat'><strong>⁴5</strong></span> <span class='ocrx_word' id='word_1_404' title='bbox 1547 2361 1666 2384; x_wconf 83' lang='lat' dir='ltr'><strong>inductus</strong></span> <span class='ocrx_word' id='word_1_405' title='bbox 1680 2360 1708 2384; x_wconf 82' lang='lat' dir='ltr'><em>K</em></span> <span class='ocrx_word' id='word_1_406' title='bbox 1805 2360 1818 2384; x_wconf 78' lang='grc'><strong>7</strong></span> <span class='ocrx_word' id='word_1_407' title='bbox 1840 2361 1875 2385; x_wconf 88' lang='lat' dir='ltr'><strong>nil</strong></span> <span class='ocrx_word' id='word_1_408' title='bbox 1889 2361 1913 2385; x_wconf 85' lang='lat' dir='ltr'><em>P</em></span> <span class='ocrx_word' id='word_1_409' title='bbox 2009 2360 2024 2384; x_wconf 90' lang='grc'><strong>9</strong></span> <span class='ocrx_word' id='word_1_410' title='bbox 2043 2370 2099 2385; x_wconf 83' lang='lat' dir='ltr'><strong>con—</strong></span> 
     </span>
     <span class='ocr_line' id='line_1_43' title="bbox 450 2402 2100 2436; baseline 0.001 -11"><span class='ocrx_word' id='word_1_411' title='bbox 450 2406 571 2426; x_wconf 81' lang='lat' dir='ltr'><strong>sentanea</strong></span> <span class='ocrx_word' id='word_1_412' title='bbox 592 2402 629 2425; x_wconf 81' lang='lat' dir='ltr'><strong>L¹</strong></span> <span class='ocrx_word' id='word_1_413' title='bbox 700 2407 857 2427; x_wconf 78' lang='lat' dir='ltr'><strong>sunnnantes</strong></span> <span class='ocrx_word' id='word_1_414' title='bbox 879 2403 903 2426; x_wconf 75' lang='grc' dir='ltr'><em>Κ</em></span> <span class='ocrx_word' id='word_1_415' title='bbox 1010 2403 1037 2427; x_wconf 87' lang='lat' dir='ltr'><strong>ll</strong></span> <span class='ocrx_word' id='word_1_416' title='bbox 1060 2403 1214 2436; x_wconf 72' lang='lat' dir='ltr'><strong>aspectibus]</strong></span> <span class='ocrx_word' id='word_1_417' title='bbox 1241 2405 1361 2428; x_wconf 70' lang='lat' dir='ltr'><strong>affatibus</strong></span> <span class='ocrx_word' id='word_1_418' title='bbox 1382 2404 1418 2427; x_wconf 58' lang='lat' dir='ltr'><strong>AO</strong></span> <span class='ocrx_word' id='word_1_419' title='bbox 1526 2403 1556 2427; x_wconf 69' lang='lat' dir='ltr'><strong>lli</strong></span> <span class='ocrx_word' id='word_1_420' title='bbox 1580 2412 1635 2428; x_wconf 77' lang='lat' dir='ltr'><strong>esse</strong></span> <span class='ocrx_word' id='word_1_421' title='bbox 1658 2403 1802 2436; x_wconf 80' lang='lat' dir='ltr'><strong>censemus]</strong></span> <span class='ocrx_word' id='word_1_422' title='bbox 1827 2413 1894 2428; x_wconf 86' lang='lat' dir='ltr'><strong>cens.</strong></span> <span class='ocrx_word' id='word_1_423' title='bbox 1919 2413 1973 2429; x_wconf 87' lang='lat' dir='ltr'><strong>esse</strong></span> <span class='ocrx_word' id='word_1_424' title='bbox 1992 2404 2022 2434; x_wconf 87' lang='lat' dir='ltr'><strong>P,</strong></span> <span class='ocrx_word' id='word_1_425' title='bbox 2047 2412 2100 2428; x_wconf 82' lang='lat' dir='ltr'><strong>esse</strong></span> 
     </span>
     <span class='ocr_line' id='line_1_44' title="bbox 450 2445 2099 2479; baseline 0.001 -11"><span class='ocrx_word' id='word_1_426' title='bbox 450 2446 628 2477; x_wconf 78' lang='lat' dir='ltr'><strong>cognoscimus</strong></span> <span class='ocrx_word' id='word_1_427' title='bbox 646 2445 736 2469; x_wconf 75' lang='lat' dir='ltr'><em>TI&#39;E²</em></span> <span class='ocrx_word' id='word_1_428' title='bbox 844 2445 874 2469; x_wconf 74' lang='lat' dir='ltr'><strong>lS</strong></span> <span class='ocrx_word' id='word_1_429' title='bbox 897 2445 987 2475; x_wconf 75' lang='lat' dir='ltr'><strong>exisse]</strong></span> <span class='ocrx_word' id='word_1_430' title='bbox 1013 2455 1066 2470; x_wconf 69' lang='lat' dir='ltr'><strong>esse</strong></span> <span class='ocrx_word' id='word_1_431' title='bbox 1087 2447 1112 2470; x_wconf 87' lang='lat' dir='ltr'><strong>T.</strong></span> <span class='ocrx_word' id='word_1_432' title='bbox 1133 2456 1178 2470; x_wconf 76' lang='lat' dir='ltr'><strong>om.</strong></span> <span class='ocrx_word' id='word_1_433' title='bbox 1198 2447 1221 2469; x_wconf 78' lang='grc' dir='ltr'><em>Γ</em></span> <span class='ocrx_word' id='word_1_434' title='bbox 1324 2447 1354 2471; x_wconf 67' lang='grc' dir='ltr'><strong>ῙΗ</strong></span> <span class='ocrx_word' id='word_1_435' title='bbox 1378 2445 1452 2478; x_wconf 61' lang='lat' dir='ltr'><strong>sulti]</strong></span> <span class='ocrx_word' id='word_1_436' title='bbox 1478 2448 1542 2471; x_wconf 72' lang='lat' dir='ltr'><strong>subi.</strong></span> <span class='ocrx_word' id='word_1_437' title='bbox 1567 2456 1621 2471; x_wconf 79' lang='lat' dir='ltr'><strong>esse</strong></span> <span class='ocrx_word' id='word_1_438' title='bbox 1641 2447 1689 2470; x_wconf 62' lang='lat' dir='ltr'><strong>TI*</strong></span> <span class='ocrx_word' id='word_1_439' title='bbox 1791 2446 1824 2470; x_wconf 66' lang='lat'><strong>²20</strong></span> <span class='ocrx_word' id='word_1_440' title='bbox 1849 2445 1995 2479; x_wconf 66' lang='lat' dir='ltr'><strong>falsitatem]</strong></span> <span class='ocrx_word' id='word_1_441' title='bbox 2023 2447 2099 2470; x_wconf 62' lang='lat' dir='ltr'><strong>felici&lt;</strong></span> 
     </span>
     <span class='ocr_line' id='line_1_45' title="bbox 451 2487 2100 2522; baseline 0.001 -10"><span class='ocrx_word' id='word_1_442' title='bbox 451 2492 529 2513; x_wconf 78' lang='lat' dir='ltr'><strong>tatem</strong></span> <span class='ocrx_word' id='word_1_443' title='bbox 542 2488 607 2512; x_wconf 63' lang='lat' dir='ltr'><strong>KAO</strong></span> <span class='ocrx_word' id='word_1_444' title='bbox 696 2487 728 2512; x_wconf 72' lang='lat'><strong>22</strong></span> <span class='ocrx_word' id='word_1_445' title='bbox 742 2489 811 2520; x_wconf 72' lang='lat' dir='ltr'><strong>publ.</strong></span> <span class='ocrx_word' id='word_1_446' title='bbox 826 2490 883 2512; x_wconf 78' lang='lat' dir='ltr'><strong>sam.</strong></span> <span class='ocrx_word' id='word_1_447' title='bbox 896 2489 949 2512; x_wconf 83' lang='lat' dir='ltr'><strong>EF</strong></span> <span class='ocrx_word' id='word_1_448' title='bbox 1000 2490 1084 2521; x_wconf 76' lang='lat' dir='ltr'><strong>legum</strong></span> <span class='ocrx_word' id='word_1_449' title='bbox 1099 2499 1145 2513; x_wconf 76' lang='lat' dir='ltr'><strong>om.</strong></span> <span class='ocrx_word' id='word_1_450' title='bbox 1158 2490 1181 2513; x_wconf 83' lang='lat' dir='ltr'><strong>J·</strong></span> <span class='ocrx_word' id='word_1_451' title='bbox 1263 2490 1295 2514; x_wconf 74' lang='lat'><strong>23</strong></span> <span class='ocrx_word' id='word_1_452' title='bbox 1310 2491 1345 2514; x_wconf 82' lang='lat' dir='ltr'><strong>nil</strong></span> <span class='ocrx_word' id='word_1_453' title='bbox 1357 2490 1381 2513; x_wconf 83' lang='lat' dir='ltr'><em>P</em></span> <span class='ocrx_word' id='word_1_454' title='bbox 1427 2491 1580 2522; x_wconf 74' lang='lat' dir='ltr'><strong>prestantius</strong></span> <span class='ocrx_word' id='word_1_455' title='bbox 1592 2490 1618 2514; x_wconf 87' lang='lat' dir='ltr'><em>F</em></span> <span class='ocrx_word' id='word_1_456' title='bbox 1697 2489 1728 2514; x_wconf 71' lang='lat'><strong>24</strong></span> <span class='ocrx_word' id='word_1_457' title='bbox 1743 2489 1898 2522; x_wconf 77' lang='lat' dir='ltr'><strong>uoluntates]</strong></span> <span class='ocrx_word' id='word_1_458' title='bbox 1919 2489 2100 2519; x_wconf 60' lang='lat' dir='ltr'><strong>TZ&#39;EFArw,</strong></span> 
     </span>
     <span class='ocr_line' id='line_1_46' title="bbox 451 2530 2104 2565; baseline 0 -10"><span class='ocrx_word' id='word_1_459' title='bbox 451 2531 596 2563; x_wconf 81' lang='lat' dir='ltr'><strong>uoluptates</strong></span> <span class='ocrx_word' id='word_1_460' title='bbox 615 2530 812 2554; x_wconf 57' lang='lat' dir='ltr'><strong>LRKPArffle</strong></span> <span class='ocrx_word' id='word_1_461' title='bbox 889 2532 990 2563; x_wconf 81' lang='lat' dir='ltr'><strong>implere</strong></span> <span class='ocrx_word' id='word_1_462' title='bbox 1012 2532 1048 2555; x_wconf 82' lang='lat' dir='ltr'><strong>L¹</strong></span> <span class='ocrx_word' id='word_1_463' title='bbox 1155 2533 1188 2556; x_wconf 79' lang='grc'><strong>“.);”)</strong></span> <span class='ocrx_word' id='word_1_464' title='bbox 1208 2533 1302 2565; x_wconf 72' lang='lat' dir='ltr'><strong>autem]</strong></span> <span class='ocrx_word' id='word_1_465' title='bbox 1324 2534 1385 2558; x_wconf 83' lang='lat' dir='ltr'><strong>haut</strong></span> <span class='ocrx_word' id='word_1_466' title='bbox 1408 2534 1445 2557; x_wconf 72' lang='lat'><strong>[3¹</strong></span> <span class='ocrx_word' id='word_1_467' title='bbox 1466 2538 1556 2565; x_wconf 55' lang='lat' dir='ltr'><strong>[supra</strong></span> <span class='ocrx_word' id='word_1_468' title='bbox 1578 2542 1625 2557; x_wconf 71' lang='lat' dir='ltr'><strong>scr.</strong></span> <span class='ocrx_word' id='word_1_469' title='bbox 1645 2539 1707 2557; x_wconf 71' lang='lat' dir='ltr'><strong>non&gt;</strong></span> <span class='ocrx_word' id='word_1_470' title='bbox 1728 2533 1755 2556; x_wconf 86' lang='lat' dir='ltr'><em>F</em></span> <span class='ocrx_word' id='word_1_471' title='bbox 1862 2531 1895 2556; x_wconf 72' lang='grc'><strong>26</strong></span> <span class='ocrx_word' id='word_1_472' title='bbox 1914 2541 1960 2557; x_wconf 84' lang='lat' dir='ltr'><strong>ess.</strong></span> <span class='ocrx_word' id='word_1_473' title='bbox 1981 2533 2036 2556; x_wconf 77' lang='lat' dir='ltr'><strong>deb.</strong></span> <span class='ocrx_word' id='word_1_474' title='bbox 2054 2531 2104 2555; x_wconf 63' lang='grc' dir='ltr'><strong>ΤΠ</strong></span> 
     </span>
     <span class='ocr_line' id='line_1_47' title="bbox 451 2573 2101 2607; baseline 0.001 -10"><span class='ocrx_word' id='word_1_475' title='bbox 451 2573 482 2597; x_wconf 79' lang='grc'><strong>27</strong></span> <span class='ocrx_word' id='word_1_476' title='bbox 506 2574 612 2606; x_wconf 75' lang='lat' dir='ltr'><strong>populos</strong></span> <span class='ocrx_word' id='word_1_477' title='bbox 636 2582 683 2597; x_wconf 77' lang='lat' dir='ltr'><strong>om.</strong></span> <span class='ocrx_word' id='word_1_478' title='bbox 700 2573 749 2597; x_wconf 67' lang='lat' dir='ltr'><strong>TIv</strong></span> <span class='ocrx_word' id='word_1_479' title='bbox 851 2573 884 2598; x_wconf 68' lang='grc'><strong>’25</strong></span> <span class='ocrx_word' id='word_1_480' title='bbox 908 2576 1029 2606; x_wconf 73' lang='lat' dir='ltr'><strong>possimus</strong></span> <span class='ocrx_word' id='word_1_481' title='bbox 1050 2575 1072 2598; x_wconf 87' lang='lat' dir='ltr'><em>L</em></span> <span class='ocrx_word' id='word_1_482' title='bbox 1143 2576 1173 2600; x_wconf 83' lang='lat' dir='ltr'><strong>sit</strong></span> <span class='ocrx_word' id='word_1_483' title='bbox 1198 2578 1242 2600; x_wconf 79' lang='lat' dir='ltr'><strong>ser.</strong></span> <span class='ocrx_word' id='word_1_484' title='bbox 1264 2576 1344 2600; x_wconf 74' lang='lat' dir='ltr'><strong>KEF</strong></span> <span class='ocrx_word' id='word_1_485' title='bbox 1445 2575 1477 2601; x_wconf 75' lang='grc'><strong>29</strong></span> <span class='ocrx_word' id='word_1_486' title='bbox 1502 2577 1601 2601; x_wconf 74' lang='lat' dir='ltr'><strong>fortudo</strong></span> <span class='ocrx_word' id='word_1_487' title='bbox 1622 2577 1663 2600; x_wconf 73' lang='lat' dir='ltr'><strong>Pa</strong></span> <span class='ocrx_word' id='word_1_488' title='bbox 1739 2580 1763 2600; x_wconf 81' lang='lat' dir='ltr'><strong>et</strong></span> <span class='ocrx_word' id='word_1_489' title='bbox 1786 2574 1892 2607; x_wconf 80' lang='lat' dir='ltr'><strong>alienos]</strong></span> <span class='ocrx_word' id='word_1_490' title='bbox 1918 2576 1994 2600; x_wconf 82' lang='lat' dir='ltr'><strong>etiam</strong></span> <span class='ocrx_word' id='word_1_491' title='bbox 2017 2575 2050 2599; x_wconf 74' lang='lat' dir='ltr'><strong>al,</strong></span> <span class='ocrx_word' id='word_1_492' title='bbox 2069 2574 2101 2604; x_wconf 80' lang='lat' dir='ltr'><strong>R,</strong></span> 
     </span>
     <span class='ocr_line' id='line_1_48' title="bbox 451 2615 2100 2651; baseline 0.001 -11"><span class='ocrx_word' id='word_1_493' title='bbox 451 2617 547 2641; x_wconf 75' lang='lat' dir='ltr'><strong>alienos</strong></span> <span class='ocrx_word' id='word_1_494' title='bbox 562 2617 585 2640; x_wconf 72' lang='lat' dir='ltr'><em>A</em></span> <span class='ocrx_word' id='word_1_495' title='bbox 673 2615 706 2640; x_wconf 86' lang='lat'><strong>30</strong></span> <span class='ocrx_word' id='word_1_496' title='bbox 724 2616 816 2649; x_wconf 84' lang='lat' dir='ltr'><strong>debita]</strong></span> <span class='ocrx_word' id='word_1_497' title='bbox 838 2627 851 2641; x_wconf 77' lang='lat' dir='ltr'><strong>a</strong></span> <span class='ocrx_word' id='word_1_498' title='bbox 871 2618 955 2642; x_wconf 80' lang='lat' dir='ltr'><strong>debita</strong></span> <span class='ocrx_word' id='word_1_499' title='bbox 972 2617 1049 2648; x_wconf 60' lang='lat' dir='ltr'><strong>TbV,</strong></span> <span class='ocrx_word' id='word_1_500' title='bbox 1074 2627 1088 2642; x_wconf 85' lang='lat' dir='ltr'><strong>a</strong></span> <span class='ocrx_word' id='word_1_501' title='bbox 1108 2620 1218 2643; x_wconf 73' lang='lat' dir='ltr'><strong>debitate</strong></span> <span class='ocrx_word' id='word_1_502' title='bbox 1236 2620 1274 2642; x_wconf 73' lang='lat' dir='ltr'><strong>Ta</strong></span> <span class='ocrx_word' id='word_1_503' title='bbox 1366 2619 1399 2644; x_wconf 73' lang='grc'><strong>32</strong></span> <span class='ocrx_word' id='word_1_504' title='bbox 1418 2620 1529 2651; x_wconf 85' lang='lat' dir='ltr'><strong>regalem</strong></span> <span class='ocrx_word' id='word_1_505' title='bbox 1548 2618 1661 2651; x_wconf 82' lang='lat' dir='ltr'><strong>genium]</strong></span> <span class='ocrx_word' id='word_1_506' title='bbox 1677 2619 1763 2648; x_wconf 71' lang='grc' dir='ltr'><strong>ΚΙἙ,</strong></span> <span class='ocrx_word' id='word_1_507' title='bbox 1786 2619 1874 2650; x_wconf 83' lang='lat' dir='ltr'><strong>regule</strong></span> <span class='ocrx_word' id='word_1_508' title='bbox 1894 2618 1978 2650; x_wconf 79' lang='lat' dir='ltr'><strong>regale</strong></span> <span class='ocrx_word' id='word_1_509' title='bbox 1996 2618 2100 2650; x_wconf 80' lang='lat' dir='ltr'><strong>genium</strong></span> 
     </span>
     <span class='ocr_line' id='line_1_49' title="bbox 453 2660 2006 2694; baseline 0 -10"><span class='ocrx_word' id='word_1_510' title='bbox 453 2660 509 2691; x_wconf 69' lang='grc' dir='ltr'><em>(εἰς)</em></span> <span class='ocrx_word' id='word_1_511' title='bbox 528 2660 558 2687; x_wconf 74' lang='lat' dir='ltr'><strong>P,</strong></span> <span class='ocrx_word' id='word_1_512' title='bbox 577 2660 660 2691; x_wconf 79' lang='lat' dir='ltr'><strong>regale</strong></span> <span class='ocrx_word' id='word_1_513' title='bbox 679 2660 782 2691; x_wconf 73' lang='lat' dir='ltr'><strong>genium</strong></span> <span class='ocrx_word' id='word_1_514' title='bbox 803 2660 894 2685; x_wconf 37' lang='lat' dir='ltr'><strong>TFiie.</strong></span> <span class='ocrx_word' id='word_1_515' title='bbox 913 2661 997 2692; x_wconf 70' lang='lat' dir='ltr'><strong>regale</strong></span> <span class='ocrx_word' id='word_1_516' title='bbox 1016 2662 1119 2692; x_wconf 77' lang='lat' dir='ltr'><strong>genium</strong></span> <span class='ocrx_word' id='word_1_517' title='bbox 1139 2662 1170 2685; x_wconf 84' lang='lat' dir='ltr'><strong>al.</strong></span> <span class='ocrx_word' id='word_1_518' title='bbox 1190 2663 1277 2693; x_wconf 64' lang='lat' dir='ltr'><strong>genili]</strong></span> <span class='ocrx_word' id='word_1_519' title='bbox 1298 2663 1345 2691; x_wconf 48' lang='lat'><strong>„12</strong></span> <span class='ocrx_word' id='word_1_520' title='bbox 1364 2663 1450 2694; x_wconf 81' lang='lat' dir='ltr'><strong>regale</strong></span> <span class='ocrx_word' id='word_1_521' title='bbox 1470 2663 1601 2693; x_wconf 65' lang='lat' dir='ltr'><strong>ingenium</strong></span> <span class='ocrx_word' id='word_1_522' title='bbox 1619 2662 1668 2686; x_wconf 74' lang='lat' dir='ltr'><strong>LR</strong></span> <span class='ocrx_word' id='word_1_523' title='bbox 1772 2660 1805 2685; x_wconf 77' lang='lat'><strong>33</strong></span> <span class='ocrx_word' id='word_1_524' title='bbox 1824 2662 1947 2685; x_wconf 71' lang='lat' dir='ltr'><strong>soi-monis</strong></span> <span class='ocrx_word' id='word_1_525' title='bbox 1968 2660 2006 2684; x_wconf 79' lang='lat' dir='ltr'><strong>L¹</strong></span> 
     </span>
    </p>
   </div>
   <div class='ocr_carea' id='block_1_16' title="bbox 1271 2724 1414 2726">
    <p class='ocr_par' dir='ltr' id='par_1_17' title="bbox 1271 2724 1414 2726">
     <span class='ocr_line' id='line_1_50' title="bbox 1271 2724 1414 2726; baseline 0 0"><span class='ocrx_word' id='word_1_526' title='bbox 1271 2724 1414 2726; x_wconf 95' lang='lat' dir='ltr'><strong> </strong></span> 
     </span>
    </p>
   </div>
   <div class='ocr_carea' id='block_1_17' title="bbox 1893 2722 1992 2724">
    <p class='ocr_par' dir='ltr' id='par_1_18' title="bbox 1893 2722 1992 2724">
     <span class='ocr_line' id='line_1_51' title="bbox 1893 2722 1992 2724; baseline 0 0"><span class='ocrx_word' id='word_1_527' title='bbox 1893 2722 1992 2724; x_wconf 95' lang='lat' dir='ltr'><strong> </strong></span> 
     </span>
    </p>
   </div>
   <div class='ocr_carea' id='block_1_18' title="bbox 453 2772 2101 2849">
    <p class='ocr_par' dir='ltr' id='par_1_19' title="bbox 453 2772 2101 2849">
     <span class='ocr_line' id='line_1_52' title="bbox 556 2772 2101 2807; baseline 0.001 -11"><span class='ocrx_word' id='word_1_528' title='bbox 556 2772 580 2797; x_wconf 78' lang='lat'><strong>1)</strong></span> <span class='ocrx_word' id='word_1_529' title='bbox 601 2772 631 2796; x_wconf 81' lang='lat' dir='ltr'><strong>de</strong></span> <span class='ocrx_word' id='word_1_530' title='bbox 653 2777 754 2796; x_wconf 75' lang='lat' dir='ltr'><strong>oratore</strong></span> <span class='ocrx_word' id='word_1_531' title='bbox 774 2775 795 2802; x_wconf 68' lang='lat'><strong>1,</strong></span> <span class='ocrx_word' id='word_1_532' title='bbox 810 2774 892 2801; x_wconf 67' lang='lat'><em>&amp;,.30:</em></span> <span class='ocrx_word' id='word_1_533' title='bbox 922 2781 1004 2804; x_wconf 86' lang='lat' dir='ltr'><strong>neque</strong></span> <span class='ocrx_word' id='word_1_534' title='bbox 1028 2781 1088 2797; x_wconf 83' lang='lat' dir='ltr'><strong>vero</strong></span> <span class='ocrx_word' id='word_1_535' title='bbox 1114 2774 1248 2805; x_wconf 80' lang='lat' dir='ltr'><strong>quicquan]</strong></span> <span class='ocrx_word' id='word_1_536' title='bbox 1278 2776 1337 2799; x_wconf 84' lang='lat' dir='ltr'><strong>mihi</strong></span> <span class='ocrx_word' id='word_1_537' title='bbox 1362 2775 1538 2807; x_wconf 82' lang='lat' dir='ltr'><strong>praestabilius</strong></span> <span class='ocrx_word' id='word_1_538' title='bbox 1561 2775 1661 2799; x_wconf 82' lang='lat' dir='ltr'><strong>videtur</strong></span> <span class='ocrx_word' id='word_1_539' title='bbox 1685 2782 1761 2806; x_wconf 82' lang='lat' dir='ltr'><strong>quam</strong></span> <span class='ocrx_word' id='word_1_540' title='bbox 1786 2782 1859 2805; x_wconf 80' lang='lat' dir='ltr'><strong>posse</strong></span> <span class='ocrx_word' id='word_1_541' title='bbox 1884 2774 1989 2798; x_wconf 81' lang='lat' dir='ltr'><strong>(licendo</strong></span> <span class='ocrx_word' id='word_1_542' title='bbox 2016 2777 2101 2798; x_wconf 79' lang='lat' dir='ltr'><strong>tenere</strong></span> 
     </span>
     <span class='ocr_line' id='line_1_53' title="bbox 453 2815 1729 2849; baseline 0.003 -11"><span class='ocrx_word' id='word_1_543' title='bbox 453 2816 583 2839; x_wconf 75' lang='lat' dir='ltr'><strong>huminum</strong></span> <span class='ocrx_word' id='word_1_544' title='bbox 603 2820 707 2846; x_wconf 64' lang='lat' dir='ltr'><strong>mentes,</strong></span> <span class='ocrx_word' id='word_1_545' title='bbox 727 2815 828 2840; x_wconf 78' lang='lat' dir='ltr'><strong>allicere</strong></span> <span class='ocrx_word' id='word_1_546' title='bbox 849 2816 1001 2843; x_wconf 71' lang='lat' dir='ltr'><strong>voluntates,</strong></span> <span class='ocrx_word' id='word_1_547' title='bbox 1022 2817 1150 2848; x_wconf 83' lang='lat' dir='ltr'><strong>impellere</strong></span> <span class='ocrx_word' id='word_1_548' title='bbox 1169 2826 1219 2848; x_wconf 85' lang='lat' dir='ltr'><strong>quo</strong></span> <span class='ocrx_word' id='word_1_549' title='bbox 1239 2818 1306 2849; x_wconf 68' lang='lat' dir='ltr'><strong>velit,</strong></span> <span class='ocrx_word' id='word_1_550' title='bbox 1328 2818 1394 2842; x_wconf 84' lang='lat' dir='ltr'><strong>unde</strong></span> <span class='ocrx_word' id='word_1_551' title='bbox 1413 2822 1498 2842; x_wconf 74' lang='lat' dir='ltr'><strong>autem</strong></span> <span class='ocrx_word' id='word_1_552' title='bbox 1518 2818 1578 2842; x_wconf 78' lang='lat' dir='ltr'><strong>velit</strong></span> <span class='ocrx_word' id='word_1_553' title='bbox 1597 2818 1729 2843; x_wconf 77' lang='lat' dir='ltr'><strong>deducere.</strong></span> 
     </span>
    </p>
   </div>
  </div>
 </body>
</html>
