2279 3261
224 905 337 936 Dictas
368 916 439 936 csse
469 904 651 936 Gothorum
680 903 812 945 regibus
842 907 874 934 et
906 902 1025 944 reginis
1061 902 1175 933 crebro
1205 913 1224 932 a
1254 901 1450 932 Oassiodoro
1485 900 1598 932 laudes
1634 900 1704 941 ipse
1740 899 1772 930 in

122 958 281 989 variarum
312 957 552 999 praefatione¹l
584 956 740 988 affirmat:
776 955 903 986 videtur
932 954 1046 985 eodem
1079 954 1150 985 loco
1176 954 1273 984 etiam
1304 953 1335 983 id
1368 954 1531 984 affirmare
1563 964 1597 983 se
1631 951 1775 982 edidisse

122 1010 276 1051 scriptas,
306 1019 441 1050 quarum
471 1008 669 1039 mentionem
699 1007 874 1048 coniungat
907 1017 978 1037 cum
1009 1006 1101 1037 libris
1130 1005 1170 1036 de
1201 1005 1382 1036 Gothorum
1413 1004 1550 1035 historia
1581 1004 1643 1034 iam
1679 1003 1774 1034 editis

122 1072 258 1102 cumque
285 1061 444 1091 variarum
479 1070 576 1101 opere
608 1063 675 1090 tum
707 1060 813 1100 ipsum
839 1058 975 1089 edendo.
1023 1058 1206 1099 quaeritur,
1238 1057 1298 1088 hoc
1330 1056 1461 1087 demum
1487 1056 1619 1087 saeculo
1645 1058 1775 1096 reperta

121 1114 246 1155 aliquot
269 1112 449 1153 fragmenta
474 1111 669 1147 orationum,
702 1110 818 1151 quibus
843 1121 937 1151 reges
967 1114 999 1140 et
1030 1110 1142 1150 regina
1168 1108 1347 1140 Gothorum
1373 1109 1413 1139 ab
1438 1112 1567 1138 oratore
1594 1107 1774 1137 christiano

122 1164 310 1199 laudantur,
345 1163 450 1194 sintne
485 1163 605 1204 scripta
634 1174 653 1193 a
684 1161 878 1192 Cassiodoro
917 1165 1014 1202 atque
1044 1161 1194 1192 ducenda
1229 1172 1284 1197 ea,
1320 1171 1403 1201 quae
1439 1171 1481 1190 ex
1522 1158 1590 1189 eius
1624 1157 1775 1188 laudibus

121 1217 286 1248 interitum
311 1215 495 1256 effugerint,
520 1225 561 1244 an
586 1215 708 1255 scripta
733 1225 751 1244 a
767 1213 951 1244 Cassiodori
978 1214 1087 1243 nescio
1106 1224 1168 1254 quo
1193 1213 1321 1243 aemulo
1347 1216 1379 1243 et
1403 1212 1542 1252 aequali.
1583 1211 1663 1241 hace
1689 1210 1775 1240 enim

121 1268 269 1310 quaestio
295 1266 437 1297 nascitur
463 1266 546 1301 sola3
576 1265 615 1296 de
646 1265 822 1295 laudatoris
848 1264 994 1305 quisquis
1020 1267 1070 1295 est
1100 1267 1223 1299 aetate,
1255 1274 1449 1306 quamquam
1477 1274 1583 1293 rerum
1609 1266 1774 1302 gestarum

120 1319 307 1351 memoriam
331 1318 463 1348 flumine
489 1327 591 1358 paene
616 1317 723 1347 obruit
748 1317 920 1347 verborum
945 1316 1097 1350 inanium,
1123 1316 1281 1347 dubitatio
1308 1316 1397 1346 nulla
1422 1315 1552 1346 omnino
1582 1313 1776 1345 admittitur.

224 1379 348 1410 Tamen
377 1377 513 1409 Carolus
542 1377 648 1408 Baudi
678 1387 697 1407 a
721 1376 860 1414 Vesme,
898 1377 952 1418 qui
987 1377 1108 1418 primus
1145 1380 1277 1418 praeter
1312 1386 1410 1406 unum
1447 1375 1555 1406 omnia
1591 1375 1776 1415 fragmenta

121 1431 221 1462 edidit
256 1430 409 1469 collecta,
451 1429 610 1460 sermonis
646 1428 889 1470 comparatione
927 1428 1076 1458 instituta
1107 1438 1180 1458 cum
1213 1427 1487 1459 necessitudinem
1522 1425 1771 1459 demonstravit,

122 1493 205 1524 quae
237 1481 408 1513 intercedit
437 1481 523 1511 inter
552 1481 714 1511 variarum
745 1483 777 1510 et
807 1479 938 1510 laudum
971 1479 1098 1510 dicendi
1127 1489 1229 1520 genus
1260 1490 1318 1520 per
1350 1490 1385 1509 se
1417 1478 1565 1519 quodque
1597 1477 1773 1508 iudicatum

122 1538 186 1565 tam
211 1534 393 1576 proprium.
425 1536 461 1563 ut
493 1532 533 1563 ab
559 1532 665 1562 alieno
694 1531 858 1562 discernat
882 1532 933 1562 vel
957 1542 1091 1567 caecus,
1122 1534 1295 1572 utrumque
1321 1531 1346 1561 si
1371 1530 1548 1561 contuleris
1573 1540 1645 1560 cum
1670 1529 1773 1559 altero

122 1590 186 1617 tam
211 1585 273 1616 sibi
297 1588 460 1619 constans,
485 1587 520 1615 ut
544 1585 682 1615 alterum
707 1583 746 1614 ab
771 1584 873 1614 altero
898 1594 962 1613 non
988 1584 1089 1624 possit
1113 1582 1301 1614 discernere
1327 1582 1378 1613 vel
1403 1585 1530 1619 acutus,
1556 1581 1644 1612 illan]
1670 1581 1775 1622 ipsam

122 1637 346 1679 quaestionem
370 1636 611 1678 profligavit2);
644 1645 744 1666 unum
773 1635 991 1676 fragmentum
1020 1634 1116 1676 idque
1149 1638 1223 1675 post
1246 1633 1409 1664 Baudium
1440 1644 1459 1664 a
1483 1632 1696 1663 Jubainvillio
1724 1642 1774 1661 re-

121 1692 249 1731 pertum
273 1692 370 1729 atque
396 1688 517 1719 editum
543 1688 597 1728 qui
621 1688 736 1718 iterum
765 1686 865 1717 edidit
891 1685 1060 1717 Mauritius
1085 1685 1212 1727 Haupt.
1246 1695 1442 1726 quamquam
1468 1684 1584 1715 Baudii
1615 1687 1685 1714 erat
1716 1683 1775 1713 im-

123 1751 255 1779 memor,
281 1751 340 1771 sua
365 1742 480 1782 sponte
504 1739 688 1780 suspicatus
714 1742 764 1769 est
775 1738 800 1779 ³)
827 1738 983 1779 reliquias
1009 1749 1044 1769 se
1069 1737 1166 1769 edere
1192 1737 1349 1768 orationis
1374 1737 1506 1767 habitae
1531 1747 1550 1767 a
1569 1734 1775 1766 cassiodoro.

122 1804 179 1825 nos
204 1794 236 1824 in
260 1793 493 1824 vocabulorum
518 1791 624 1822 indice
650 1791 745 1822 huicc
771 1791 899 1832 corpori
929 1790 1157 1831 subiungendo
1190 1792 1320 1831 practer
1349 1792 1460 1819 cetera
1487 1787 1518 1818 id
1549 1797 1706 1828 agemus,
1743 1788 1777 1816 ut

122 1846 391 1887 panegyricorum
416 1844 597 1875 locutiones
623 1843 807 1883 singulares
837 1842 1011 1884 probemus
1044 1843 1178 1874 totidem
1209 1842 1345 1883 reperiri
1378 1841 1409 1871 in
1440 1840 1557 1871 ceteris
1583 1838 1775 1870 Cassiodori

122 1897 222 1928 libris.
268 1896 450 1927 Guilelmus
485 1895 624 1936 denique
655 1894 769 1935 Meyer
799 1894 964 1935 Spirensis
995 1894 1135 1935 optimus
1165 1893 1437 1934 doctissimusque
1467 1892 1590 1922 amicus
1626 1892 1657 1921 in
1694 1890 1776 1920 libro

123 1959 218 1991 quem
252 1948 397 1980 editurus
426 1951 476 1979 est
506 1947 544 1978 de
569 1947 715 1977 clausula
745 1946 830 1987 apud
861 1946 1035 1987 scriptores
1058 1946 1223 1977 Romanos
1254 1950 1286 1975 et
1317 1945 1453 1975 metrica
1484 1948 1516 1975 et
1541 1943 1724 1984 rhythmica
1738 1941 1776 1981 4),

123 2000 305 2042 rhythmica
328 2003 437 2031 autem
461 1999 563 2030 utitur
588 1997 816 2029 Cassiodorus.
841 1998 1028 2039 opinionem
1052 2002 1195 2028 nostram
1220 2008 1277 2038 pro
1302 2007 1361 2027 sua
1383 2000 1476 2038 parte
1501 1994 1706 2026 confirmabit
1716 1994 1754 2032 ⁵).

226 2061 319 2091 Folia
341 2061 397 2091 illa
421 2070 503 2101 quae
528 2059 599 2089 sola
623 2062 797 2100 supersunt
821 2058 861 2089 de
886 2058 1093 2100 panegyricis
1125 2068 1205 2100 quos
1238 2057 1300 2087 iam
1332 2056 1480 2087 dicemus
1506 2054 1710 2089 Cassiodori.
1744 2057 1777 2085 et

124 2123 163 2143 ea
187 2123 269 2154 quae
293 2111 439 2142 Baudius
465 2111 596 2151 collegit
626 2114 658 2141 et
682 2110 714 2140 id
739 2109 824 2151 quod
848 2110 973 2141 invenit
996 2108 1246 2146 Jubainvillius,
1277 2112 1386 2150 partes
1412 2111 1486 2138 sunt
1512 2107 1620 2138 variae
1644 2106 1773 2136 lacerae

124 2165 262 2195 miserae
279 2163 374 2194 unius
392 2162 512 2193 codicis
531 2161 692 2203 quondam
710 2161 953 2203 speciosissimi,
980 2171 1116 2202 quorum
1134 2164 1259 2202 septem
1277 2170 1360 2190 nunc
1378 2162 1587 2190 asservantur
1606 2159 1776 2198 Augustae

123 2215 336 2246 Taurinorum
361 2215 393 2245 in
417 2213 618 2245 bibliotheca
641 2213 814 2251 nationali,
848 2213 911 2244 duo
937 2213 1113 2244 Mediolani
1144 2213 1175 2243 in
1200 2212 1434 2245 Ambrosiana.
1469 2221 1567 2242 unum
1594 2210 1720 2241 Nancei
1745 2210 1775 2240 in

124 2267 265 2308 publica.

226 2326 253 2357 E
270 2325 525 2357 Taurinensibus
549 2325 645 2363 foliis,
671 2335 755 2366 quae
781 2325 890 2355 omnia
915 2335 998 2355 nunc
1023 2324 1083 2355 sub
1109 2324 1200 2364 signo
1225 2334 1244 2354 a
1261 2322 1323 2353 112
1341 2322 1622 2364 **coinprehensa
1646 2324 1722 2351 sunt
1736 2320 1772 2361 ⁶),

125 2378 139 2409 Ι
157 2381 189 2410 et
205 2377 248 2417 II,
272 2377 320 2408 IV
343 2380 376 2408 et
393 2377 433 2415 V,
458 2377 505 2407 VI
530 2379 563 2408 et
580 2376 645 2407 VH
668 2377 752 2407 inter
778 2387 812 2407 se
830 2377 1023 2407 cohaerent:
1049 2375 1162 2407 folium
1178 2374 1230 2406 III
1247 2374 1332 2416 quod
1350 2377 1419 2406 erat
1437 2377 1620 2406 extremum
1639 2375 1771 2414 quater-

230 2515 254 2542 l)
273 2517 336 2548 Pag.
356 2514 380 2546 4,
392 2514 438 2540 ⁸27:
458 2516 489 2539 cs.
510 2523 532 2547 p.
547 2515 570 2539 X
588 2515 646 2539 adn.
662 2513 685 2539 4.
774 2514 800 2544 2)
819 2514 935 2539 Assensit
955 2514 979 2538 id
993 2514 1024 2538 H.
1040 2514 1138 2538 Usener
1150 2513 1181 2537 ad
1194 2512 1347 2537 anecdotum
1361 2511 1465 2536 Holderi
1486 2519 1508 2542 p.
1522 2509 1563 2534 33.
1654 2510 1680 2539 3)
1700 2512 1773 2533 Com-

123 2560 213 2591 probat
231 2560 286 2583 eius
305 2559 456 2583 sententiam
475 2558 712 2583 Teuffel-Schwabe
731 2559 757 2582 iu
776 2558 833 2582 hist.
854 2557 890 2582 lit.
911 2558 996 2582 Rom.⁵
1016 2555 1126 2581 111248.
1233 2554 1259 2581 4)
1280 2556 1343 2580 Vide
1363 2555 1536 2587 prolusionem
1556 2554 1579 2577 in
1603 2549 1714 2583 Gfillings.
1734 2561 1774 2584 ye-

124 2602 202 2627 lem-te
221 2602 349 2634 Anzeiyen
368 2600 435 2626 1893
454 2611 478 2626 n.
498 2601 520 2625 1.
628 2600 654 2625 5)
675 2602 714 2625 Ex
733 2601 820 2625 eodem
840 2601 904 2624 libro
922 2609 936 2625 e
955 2609 1005 2632 quo
1018 2600 1186 2624 Cassiodorus
1205 2599 1231 2622 in
1251 2606 1303 2623 var.
1318 2599 1366 2622 VH
1383 2597 1413 2621 15
1434 2597 1523 2629 petivit
1542 2596 1630 2620 muudi
1650 2596 1775 2619 miracula

124 2643 167 2676 (ef.
186 2646 219 2670 Η,
238 2645 268 2669 de
287 2645 391 2669 Rohden
416 2645 446 2669 de
469 2645 555 2668 mundi
580 2645 635 2668 mir.
656 2645 728 2668 Bonn
749 2643 815 2668 1815
835 2652 858 2675 p.
880 2643 910 2668 ll
930 2648 953 2668 et
974 2644 1006 2667 H.
1027 2643 1115 2668 Schott
1138 2643 1169 2667 de
1188 2646 1284 2673 septem
1304 2642 1371 2665 orbis
1390 2640 1545 2673 spectaculis·
1565 2640 1686 2663 Ansbacli
1711 2637 1773 2662 1891

125 2697 147 2720 p.
166 2687 219 2719 20),
243 2689 333 2720 petivit
355 2688 376 2712 is
400 2689 444 2719 qui
467 2688 636 2720 panegyricos
661 2687 763 2719 scripsit
788 2695 811 2719 p.
831 2685 889 2717 4253,
907 2685 937 2711 14
946 2695 1013 2719 sqq.;
1037 2695 1068 2711 ea
1092 2690 1178 2710 autem
1197 2692 1264 2716 quae
1289 2684 1356 2716 apud
1380 2692 1438 2708 eum
1463 2683 1582 2707 videntur
1604 2691 1659 2706 esse
1685 2686 1774 2706 secuta

125 2739 148 2763 p.
167 2730 258 2762 4s4‚1‚
283 2731 304 2756 si
327 2739 402 2755 susae
425 2735 492 2755 recte
514 2731 577 2763 legit
596 2729 737 2754 Krusehius
760 2730 786 2754 id
809 2730 877 2761 quod
900 2738 951 2753 non
975 2729 1063 2753 diffido
1086 2730 1117 2753 ef.
1142 2728 1199 2752 isid.
1223 2727 1285 2759 orig.
1301 2725 1356 2757 Vl,
1370 2724 1409 2753 10.
1435 2729 1565 2757 assumpta
1591 2729 1649 2749 sunt
1670 2733 1702 2748 ex
1722 2724 1773 2748 alio

123 2774 210 2805 aliquo
232 2778 343 2799 auctore.
447 2772 475 2803 6)
499 2774 537 2798 Cf.
562 2773 742 2798 Reifferscheid
766 2773 882 2797 biblioth.
909 2776 972 2805 patr.
998 2773 1022 2797 11
1042 2771 1089 2795 117
1114 2776 1138 2796 et
1161 2771 1247 2796 Ottiuo
1272 2770 1280 2794 ι’
1303 2769 1384 2794 codici
1408 2768 1523 2793 Baetim
1549 2768 1617 2792 nella
1643 2768 1774 2791 biblioteca

123 2817 258 2842 naziouale
276 2817 304 2841 di
326 2817 353 2841 T.
373 2817 432 2841 ibid.
455 2815 521 2841 1590
540 2826 562 2850 p.
583 2816 607 2841 3.

1514 2862 1569 2888 58*
