2279 3261
1288 851 1313 882 I.

787 923 1041 956 ANASTASIO
1066 921 1348 954 IMPERATORI
1372 918 1693 951 THEODERICUS
1717 918 1820 949 REX.
1973 946 1997 965 C*
2015 945 2044 964 a.
2063 934 2125 963 503

580 995 717 1037 Oportet
750 1006 823 1031 nos,
856 993 1109 1025 clementissime
1142 993 1326 1033 imperator,
1358 1000 1471 1032 pacem
1504 998 1675 1030 quaerere,
1709 987 1763 1028 qui
1793 997 1909 1018 causas
1940 985 2125 1016 iracundiae

477 1047 703 1088 cognoscimur
734 1057 798 1077 non
828 1045 961 1076 habere:
1000 1044 1126 1086 quando
1158 1044 1211 1074 illc
1244 1042 1386 1073 moribus
1419 1042 1483 1072 iam
1513 1044 1641 1071 tenetur
1675 1039 1851 1077 obnoxius,
1886 1038 1939 1079 qui
1972 1037 2012 1068 ad
2041 1037 2126 1067 iusta

477 1098 733 1140 deprehenditur
756 1099 945 1140 imparatus.
993 1097 1078 1127 omui
1103 1096 1222 1137 quippe
1249 1105 1347 1135 regno
1372 1092 1599 1124 desiderabilis
1624 1091 1722 1122 debet
1745 1101 1818 1122 esse
1843 1089 2070 1130 tranquillitas⁷
2094 1088 2126 1118 in

445 1168 455 1185 ς,
476 1162 538 1192 qua
563 1154 594 1181 et
619 1150 729 1192 populi
753 1150 925 1191 proficiunt
950 1152 982 1180 et
1006 1148 1129 1179 utilitas
1154 1147 1299 1188 gentium
1324 1144 1515 1176 custoditur.
1555 1144 1635 1174 haec
1661 1146 1710 1174 est
1734 1142 1819 1173 enim
1835 1141 1993 1172 bonarum
2010 1139 2126 1170 artium

438 1422 460 1440 10

442 1942 466 1959 :20

478 1202 594 1234 decora
618 1205 732 1240 mater,
758 1202 838 1233 haec
863 1201 1046 1231 mortalium
1070 1210 1173 1241 genus
1199 1197 1374 1240 reparabili
1398 1196 1604 1227 successione
1628 1194 1846 1235 multiplicans
1865 1192 2035 1223 facultates
2053 1201 2127 1232 pro-

478 1254 591 1291 tendit,
615 1264 721 1284 mores
740 1253 876 1284 excolit:
903 1256 935 1284 et
953 1255 1117 1282 tantarum
1135 1261 1241 1281 rerum
1263 1250 1394 1291 ignarus
1419 1248 1604 1289 agnoscitur
1629 1247 1682 1288 qui
1708 1256 1779 1277 eam
1803 1245 1934 1275 minime
1959 1243 2127 1285 quaesisse

483 1307 630 1337 sentitur.
677 1305 719 1336 Et
743 1305 830 1343 ideo,
861 1305 1005 1346 piissime
1030 1303 1229 1345 principum,
1262 1301 1427 1343 potentiae
1452 1302 1578 1330 vestrae
1604 1298 1755 1329 convenit
1778 1300 1810 1328 et
1835 1296 1962 1333 honori,
1992 1298 2028 1325 ut
2052 1305 2127 1325 con-

479 1357 620 1389 cordiam
650 1360 791 1389 vestram
823 1367 981 1398 quaerere
1012 1355 1201 1393 debeamus7
1234 1354 1324 1384 cuius
1356 1352 1460 1383 adhuc
1493 1360 1602 1382 amore
1627 1349 1819 1391 proficimus.
1844 1346 1915 1378 *vos
1940 1347 2025 1378 enim
2049 1346 2128 1377 estis

480 1420 655 1451 regnorum
685 1409 827 1440 omnium
859 1408 1110 1450 pulcherrimum
1143 1406 1259 1443 decus,
1292 1416 1348 1435 vos
1381 1404 1480 1434 totius
1510 1402 1596 1433 orbis
1630 1401 1772 1432 salutare
1801 1399 2015 1442 praesidium,
2049 1408 2129 1439 quos

480 1461 580 1493 ceteri
610 1461 812 1492 dominantes
843 1460 912 1490 iure
944 1459 1138 1500 suspiciunt,
1172 1457 1247 1498 quia
1276 1457 1307 1487 in
1337 1456 1428 1486 vobis
1453 1454 1616 1496 singulare
1643 1452 1764 1494 aliquid
1787 1452 1895 1483 inesse
1920 1452 2130 1492 cognoscunt,

481 1524 539 1544 nos
563 1513 713 1549 maxime,
739 1513 792 1554 qui
817 1511 925 1542 divino
950 1511 1070 1542 auxilio
1093 1510 1125 1540 in
1146 1520 1180 1540 re
1197 1508 1328 1551 publica
1351 1510 1461 1539 vestra
1478 1506 1658 1543 didicimus,
1683 1503 1955 1546 quemadmodum
1973 1502 2130 1534 Romanis

483 1566 696 1607 aequabiliter
714 1565 873 1606 imperare
897 1563 1069 1605 possimus.
1109 1561 1261 1602 Regnum
1286 1564 1429 1591 nostrum
1455 1558 1589 1589 imitatio
1615 1561 1724 1588 vestra
1749 1560 1808 1595 est,
1833 1556 1935 1586 forma
1958 1555 2032 1586 boni
2057 1565 2129 1596 pro-

482 1617 588 1659 positi,
614 1617 699 1647 unici
716 1616 885 1658 exemplar
902 1615 1042 1657 imperii:
1069 1614 1122 1656 qui
1141 1616 1297 1655 quantum
1313 1623 1370 1642 vos
1389 1611 1564 1652 sequimur.
1589 1613 1713 1641 tantum
1730 1612 1845 1650 gentes
1863 1608 1943 1638 alias
1960 1607 2130 1638 anteimus.

454 1682 462 1697 ‘v
484 1669 657 1699 hortamini
681 1679 732 1699 me
757 1668 953 1709 frequenter.
978 1670 1012 1697 ut
1035 1666 1166 1707 diligam
1192 1668 1351 1703 senatum,
1376 1664 1466 1704 leges
1491 1663 1673 1704 principum
1697 1663 1862 1702 gratanter
1887 1659 2073 1701 amplectar„
2097 1662 2133 1689 ut

486 1724 602 1752 cuncta
624 1721 740 1751 Italiae
765 1720 912 1751 membra
936 1729 1137 1760 componam.
1178 1716 1338 1759 quomodo
1361 1715 1495 1757 potestis
1520 1715 1560 1745 ab
1578 1714 1729 1754 Augusta
1752 1722 1833 1754 pace
1858 1710 2010 1748 dividere,
2035 1720 2130 1751 quem

484 1784 546 1804 non
577 1773 696 1814 optatis
725 1783 744 1802 a
771 1771 889 1803 vestris
918 1770 1062 1801 moribus
1091 1769 1296 1810 discrepare?
1343 1767 1471 1798 additur
1504 1766 1599 1797 etiam
1632 1763 1819 1796 veneranda
1842 1763 2011 1794 Romanae
2041 1762 2131 1792 urbis

486 1825 625 1863 affectio,
656 1835 675 1855 a
699 1834 761 1865 qua
791 1823 957 1864 segregari
980 1825 1148 1863 nequeunt
1172 1831 1254 1862 quae
1279 1830 1313 1851 se
1338 1818 1477 1850 nominis
1502 1818 1624 1848 unitate
1648 1817 1831 1847 iunxerunt.
1877 1813 2019 1845 Proinde
2043 1813 2133 1844 illum

487 1881 519 1909 et
542 1877 631 1907 illum
656 1876 827 1917 legationis
858 1875 963 1906 officio
994 1874 1033 1905 ad
1063 1873 1305 1904 serenissimam
1332 1872 1490 1913 pietatem
1519 1872 1660 1901 vestram
1690 1867 1882 1899 credidimus
1913 1865 2133 1904 destinandos,

484 1932 520 1959 ut
545 1928 712 1958 sinceritas
737 1927 841 1968 pacis,
871 1937 954 1968 quae
980 1925 1086 1957 causis
1111 1924 1354 1965 emergentibus
1379 1921 1584 1963 cognoscitur
1607 1920 1708 1951 fuisse
1733 1919 1860 1957 vitiata,
1890 1917 2027 1949 detersis
2059 1927 2133 1947 con-

484 1979 682 2011 tentionibus
707 1979 739 2009 in
764 1989 821 2009 sua
846 1978 1000 2019 deinceps
1025 1977 1176 2008 firmitate
1200 1976 1352 2007 restituta
1376 1977 1578 2016 permaneat:
1609 1972 1684 2014 quia
1708 1971 1775 2013 pati
1800 1981 1857 2001 vos
1880 1980 1945 2000 non
1974 1968 2134 2000 credimus

484 2033 566 2062 inter
589 2034 745 2071 utrasque
769 2041 821 2061 res
846 2030 1003 2071 publicas,
1028 2039 1162 2070 quarum
1188 2037 1318 2069 semper
1335 2036 1433 2057 unum
1452 2035 1569 2066 corpus
1588 2023 1647 2054 sub
1664 2022 1803 2064 antiquis
1819 2020 2017 2063 principibus
2034 2020 2135 2051 fuisse

488 2084 684 2121 declaratur,
723 2082 844 2123 aliquid
875 2081 1058 2112 discordiae
1090 2090 1292 2122 permanere.
1339 2078 1427 2114 Quas
1461 2087 1525 2107 non
1558 2076 1661 2107 solum
1692 2077 1820 2116 oportet
1851 2074 1935 2104 inter
1971 2083 2004 2103 se
2033 2072 2136 2103 otiosa

487 2135 662 2166 dilectione
693 2133 858 2175 coniungi,
888 2144 999 2164 verum
1029 2132 1126 2163 etiam
1151 2131 1245 2162 decet
1269 2130 1389 2161 mutuis
1414 2129 1535 2160 viribus
1560 2127 1712 2158 adiuvari.
1760 2125 1896 2156 Romani
1921 2124 2012 2165 regni
2036 2134 2136 2154 unum

444 2199 466 2218 :¹5
487 2187 581 2224 velle7
606 2197 672 2217 una
696 2196 825 2227 semper
850 2186 957 2227 opinio
983 2185 1033 2216 sit.
1080 2182 1231 2225 quicquid
1256 2186 1288 2213 ct
1313 2193 1370 2212 nos
1395 2191 1576 2222 possumusa
1601 2179 1716 2210 vestris
1740 2176 1921 2219 praeconiis
1944 2176 2135 2218 applicetur.

489 2239 697 2280 Quapropter
710 2238 912 2268 salutationis
927 2236 1206 2268 honorificentiam
1224 2234 1447 2276 praeferentes
1464 2242 1566 2274 prona
1582 2234 1690 2262 mente
1707 2229 1923 2272 deposcimus,
1940 2238 1980 2259 ne
1999 2237 2135 2269 suspen-

589 2359 883 2391 Llsslx'l'(]))]l()ZA'(a.
904 2367 924 2382 r.
938 2361 953 2382 4
973 2355 1307 2390 deprehenditur)(X)E(F)

589 2437 605 2462 3
624 2438 682 2462 obn.
701 2438 760 2462 inm.
780 2441 829 2461 ten.
852 2436 916 2460 ΚΑΒ
1032 2434 1049 2458 4
1069 2443 1123 2459 esse
1142 2435 1196 2458 deb.
1218 2433 1247 2457 N
1363 2433 1379 2457 ι’)
1398 2441 1435 2456 en.
1456 2435 1493 2455 est
1516 2431 1536 2455 Ο
1650 2428 1663 2453 7
1683 2438 1770 2461 quaes.
1791 2429 1850 2452 min.
1870 2428 1918 2452 Illa
2035 2426 2066 2450 10
2084 2426 2136 2450 dee.

488 2482 571 2514 pulc-li.
584 2480 607 2504 It
661 2479 715 2511 uos]
730 2489 776 2504 uos
789 2480 848 2504 estis
860 2479 889 2502 N
931 2479 1014 2502 saluta
1027 2480 1047 2502 0
1095 2476 1167 2509 quos]
1183 2485 1257 2508 quem
1270 2475 1376 2505 31¹>erss
1396 2475 1463 2506 quod
1474 2473 1617 2504 K²()]9¹Ass‚
1637 2473 1662 2496 in
1675 2481 1749 2504 quem
1762 2472 1809 2501 ΑΓ,
1822 2472 1870 2495 inc.
1882 2470 1930 2494 illa
2013 2468 2042 2492 11
2057 2469 2137 2500 suspi-

488 2523 567 2555 ciunt]
587 2523 679 2554 E²,l¹·‚
704 2523 848 2555 suscipiunt
872 2522 962 2553 reliqui
1051 2521 1112 2552 quia
1135 2529 1182 2544 om.
1200 2521 1220 2543 ζ)
1312 2522 1471 2550 cognoscunt
1493 2526 1540 2541 om.
1558 2517 1578 2541 O
1704 2514 1735 2538 12
1760 2513 1814 2546 nos]
1839 2522 1885 2538 uos
1899 2513 1946 2543 Pa,
1974 2516 1997 2536 et
2022 2521 2067 2536 nos
2086 2511 2137 2535 ΚΑ

491 2566 519 2591 13
541 2567 703 2598 {alequaliter
722 2565 894 2590 JwZXXl2'1
911 2573 915 2581 ¹
1005 2572 1139 2596 possumus
1159 2563 1187 2586 K
1268 2566 1381 2585 uestrum
1401 2560 1507 2584 XXEF
1587 2562 1671 2582 nostra
1690 2557 1770 2581 NEF
1849 2560 1886 2581 est
1909 2555 1967 2586 (om.
1988 2554 2022 2585 K)
2048 2553 2137 2586 forma]

488 2612 567 2634 serina
584 2610 599 2634 (ἶ
619 2609 676 2640 (sic)
694 2612 714 2633 Ο
830 2607 861 2632 14
884 2606 1018 2639 quantum]
1043 2610 1142 2630 tantum
1161 2605 1200 2629 L¹
1280 2605 1343 2628 alias
1365 2608 1454 2636 gentes
1473 2603 1497 2626 R
1575 2601 1720 2633 antegimus
1740 2600 1780 2624 Ρῑ]ι
1897 2598 1929 2623 15
1947 2598 1982 2622 ad
2005 2597 2139 2622 hortamini

488 2653 549 2677 tuln.
570 2652 622 2676 E'2:
648 2653 688 2677 ⁴al.
712 2656 750 2677 est
774 2652 879 2684 epistola
906 2659 949 2683 per
972 2659 998 2674 se
1021 2650 1094 2673 cuius
1118 2649 1219 2672 rubrica
1244 2651 1280 2671 cst
1298 2647 1470 2671 Theodericus
1497 2654 1540 2669 rex
1566 2644 1704 2669 Romanus'
1828 2641 1858 2666 16
1878 2649 2079 2674 conponaumam
2098 2640 2139 2664 Pa

553 2694 666 2728 potestis]
686 2695 750 2727 potis
765 2694 806 2718 K²
918 2693 948 2717 IS
967 2692 1039 2724 quael
1061 2693 1103 2724 qui
1117 2691 1191 2715 EFA
1302 2689 1332 2714 19
1351 2690 1477 2714 credimus
1491 2686 1721 2715 ΚῘΙΙἈΟΧΕΓῙΛ,
1747 2687 1795 2710 inc.
1810 2685 1853 2708 I)a
1923 2685 2086 2709 destinandas
2100 2683 2140 2707 Za

488 2738 522 2763 ‘20
541 2737 627 2770 fuisse]
649 2746 702 2762 esse
716 2737 758 2761 El
856 2736 886 2760 *21
908 2735 963 2768 uos]
984 2744 1029 2760 nos
1043 2735 1073 2761 Γ,
1093 2734 1192 2759 οπι.Ε1
1290 2732 1323 2757 22
1343 2731 1450 2764 semper]
1471 2740 1546 2764 super
1560 2731 1580 2755 O
1642 2730 1797 2762 principibus
1816 2738 1863 2752 om.
1880 2728 1910 2751 N
1999 2726 2032 2751 ‘23
2051 2725 2139 2757 otiosa]

489 2792 534 2806 oc*
546 2790 586 2806 sa
598 2781 646 2805 Ma
751 2779 784 2804 24
803 2788 883 2804 unum
903 2779 939 2803 his
955 2779 974 2803 Ο
1083 2777 1116 2803 25
1136 2782 1159 2801 et
1179 2786 1226 2801 om.
1242 2776 1278 2799 ΛΟ
1354 2776 1498 2807 applicatur
1516 2774 1543 2798 E
1649 2772 1684 2797 :2ss
1703 2772 1891 2805 praemittentes
1911 2771 1952 2795 uel
1971 2771 2140 2804 praeferentes

490 2824 581 2857 (supra
601 2824 641 2848 uel
661 2832 696 2857 pr.
717 2823 816 2848 (αἶθον..-
835 2823 880 2847 lice
900 2826 937 2847 est
956 2822 1039 2854 glosa)
1055 2821 1080 2845 E
1145 2824 1202 2853 post
1221 2827 1288 2852 susp.
1308 2819 1354 2842 ins.
1376 2827 1390 2842 a
1411 2819 1482 2843 nobis
1499 2818 1522 2842 Α
