2279 3261
912 191 1138 218 PROOEMIVM.
1759 192 1848 218 XXXI

200 300 330 321 munera
358 288 418 320 sibi
447 287 624 319 adlevatum
654 287 705 325 iri,
737 285 820 328 quod
844 286 1010 317 retinuisse
1040 298 1100 317 non
1126 291 1229 328 potest
1253 292 1323 329 post
1347 298 1373 318 a.
1390 288 1452 320 540
1477 287 1645 324 ineuntem,
1669 298 1739 318 cuni
1763 292 1854 329 capto

199 362 269 392 rege
292 354 323 381 et
345 353 522 392 expugnata
546 348 695 379 Ravenna
720 347 896 379 Gothorum
921 347 1093 378 dominatio
1117 347 1239 378 sublata
1262 352 1317 378 est.
1363 347 1568 389 praefationes
1593 346 1670 378 (luas
1693 359 1762 378 cum
1788 348 1855 378 uni—

199 411 280 442 versi
308 410 409 452 operis
437 414 503 440 tum
532 408 734 451 praemissam
763 407 906 450 epistulis
930 408 1154 450 praefectoriis,
1186 419 1264 449 quae
1294 408 1381 439 libris
1411 408 1534 439 duobus
1562 408 1727 450 postremis
1757 409 1854 439 conti-

200 476 323 509 nentur,
353 470 554 512 probabiliter
581 470 785 501 attribuemus
810 469 869 511 ipsi
894 481 920 500 a.
938 471 999 502 537
1024 474 1161 500 extremo
1186 469 1234 501 vel
1266 473 1346 500 certe
1376 469 1525 510 sequenti.
1570 469 1665 500 libras·
1690 468 1853 500 duodecim

200 531 291 562 simul
316 543 422 563 omnes
444 530 598 573 prodiisse
622 542 682 561 non
707 530 807 561 solum
829 529 901 561 inde
917 530 1081 571 colligitur,
1105 530 1188 572 quod
1205 541 1275 561 eum
1292 541 1453 560 numerum
1472 529 1501 560 in
1520 534 1649 571 utraque
1665 530 1854 572 praefatione

200 596 306 623 auctor
328 591 441 634 posuit,
464 590 519 622 sed
541 591 634 622 etiam
658 595 785 633 propter
807 591 944 622 studium
969 592 1088 623 auctori
1111 592 1272 634 proprium
1296 591 1461 622 divisionis
1478 590 1686 621 duodenariae
1708 590 1800 621 etiam
1824 591 1853 621 in

199 652 279 684 libro
295 651 333 683 de
356 652 460 683 anima
482 656 513 683 et
536 652 566 683 in
590 651 719 683 historia
735 651 890 694 tripertita
906 652 1097 683 observatae.
1136 651 1221 694 quod
1237 652 1264 683 si
1281 656 1399 694 partem
1417 651 1567 682 librorum
1584 650 1746 681 duodecin]
1765 655 1855 681 antea

199 713 317 756 publici
342 713 417 744 iuris
441 712 573 751 fecisset,
597 711 628 743 id
652 711 736 754 quod
760 712 900 743 nonnulli
918 713 1069 755 suspicati
1086 718 1167 751 sunt,
1191 712 1229 743 de
1245 712 1381 743 editione
1396 723 1431 743 ea
1450 712 1550 753 priore
1567 712 1632 742 sine
1649 710 1744 742 dubio
1761 711 1855 742 verba

199 773 324 805 fecisset
346 773 376 804 in
397 772 586 815 praefatione
602 772 764 803 secundae.
804 784 903 815 neque
919 772 1020 812 video,
1044 785 1098 804 cur
1114 772 1329 804 Thorbeckius
1348 785 1377 815 p.
1392 775 1431 805 53
1450 772 1671 814 praefationem
1688 771 1854 802 secundam

199 833 315 865 iudicet
337 833 483 875 scriptam
508 844 575 864 esse
599 837 670 875 post
695 833 838 875 priorem.
875 833 930 865 sed
954 834 1068 865 librum
1091 833 1128 865 de
1144 834 1256 871 anima,
1279 844 1370 874 quem
1388 833 1542 864 variarum
1560 832 1684 863 tertium
1701 831 1855 863 decimum

200 899 307 926 auctor
329 906 396 926 esse
420 894 534 933 voluit,
566 898 596 925 et
626 893 729 925 locum
758 893 797 924 de
824 905 860 925 eo
884 894 1037 925 secundae
1062 895 1217 926 variarum
1242 894 1425 937 praefationi
1455 893 1604 924 inscrtum
1629 891 1765 923 adiectos
1789 904 1855 923 esse

199 960 272 997 post
295 955 493 986 intervallum
516 959 546 986 et
569 965 624 996 per
646 965 679 985 se
702 954 869 985 verisimile
892 958 922 985 et
944 965 1023 996 quae
1047 959 1120 986 sunt
1143 955 1238 986 verba
1260 954 1331 985 libri
1355 953 1393 985 de
1416 953 1520 984 anima
1543 952 1743 995 praefationis
1761 963 1857 991 prae-

200 1018 288 1055 cepta
315 1026 422 1055 reglum
449 1026 529 1055 quae
558 1025 659 1055 πειρον
687 1015 869 1055 αῃεὺαηίῑιν,
898 1015 944 1046 sic
975 1026 1088 1057 ponere
1119 1027 1180 1046 non
1209 1015 1310 1057 potuit
1338 1019 1446 1046 auctor
1472 1014 1532 1044 nisi
1557 1024 1681 1044 munere
1704 1012 1856 1054 deposito.

200 1076 381 1107 confirmant
405 1075 437 1107 id
465 1075 560 1107 verba
583 1075 732 1106 orationis
756 1086 815 1117 qua
839 1075 917 1106 liber
940 1075 1097 1107 clauditur
1126 1076 1239 1106 invidit
1264 1075 1432 1113 (diabolus)
1453 1085 1513 1113 pro
1536 1073 1624 1104 dolor
1647 1076 1712 1104 tam
1735 1073 1856 1112 »laquis

193 1136 332 1176 populis,
356 1147 430 1167 cum
451 1136 513 1167 duo
536 1138 637 1167 essent
660 1135 830 1167 alludentia
853 1135 893 1167 ad
917 1136 1040 1167 Gothos
1064 1136 1214 1167 devictos.

309 1195 463 1228 Subiunxi
484 1196 557 1227 huic
573 1196 778 1238 disputationi
802 1196 840 1227 de
857 1197 1059 1239 epistularum
1077 1196 1390 1228 Cassiodorianarum
1407 1195 1605 1236 chronologia
1623 1193 1856 1225 observationes

201 1256 304 1288 varias
327 1256 367 1287 ad
391 1255 542 1298 quasdam
566 1267 680 1295 earum,
704 1262 735 1288 ut
761 1257 839 1288 forte
862 1257 957 1287 habui
982 1256 1011 1287 iu
1036 1256 1167 1288 schedas
1190 1256 1355 1288 coniectas.

307 1324 324 1355 Ι
350 1326 376 1356 1.
405 1325 574 1357 Anastasio
598 1326 774 1368 imperatori
793 1325 932 1357 Orientis
958 1326 1096 1357 scribens
1122 1325 1206 1368 quod
1226 1337 1279 1357 rex
1298 1330 1371 1357 vota
1388 1325 1469 1363 facit,
1494 1329 1528 1355 ut
1551 1336 1612 1366 pax
1636 1324 1737 1355 causis
1762 1334 1858 1354 emer-

199 1385 344 1427 gentibus
361 1385 472 1417 vitiata
489 1385 618 1417 detersis
634 1386 884 1417 contentionibus
908 1386 938 1416 in
963 1397 1019 1417 sua
1042 1386 1184 1417 firmitate
1202 1390 1366 1424 remaneat,
1390 1397 1459 1417 cum
1476 1385 1515 1416 ad
1532 1389 1716 1427 quaesturae
1732 1384 1858 1416 Cassio-

200 1445 336 1477 doranae
359 1445 507 1477 terminos
531 1446 779 1488 restringendum
803 1446 852 1484 sit,
876 1451 957 1477 recte
981 1446 1128 1477 referetur
1150 1446 1190 1477 ad
1213 1445 1381 1477 amicitiam
1405 1445 1560 1476 turbatam
1586 1456 1640 1487 per
1663 1444 1776 1475 bellum
1795 1443 1859 1475 Sir-

201 1506 332 1537 miense:
364 1505 396 1537 id
427 1518 497 1538 cum
521 1518 547 1538 a.
564 1508 626 1540 504
650 1511 829 1549 susceptum
859 1512 955 1546 esset,
986 1512 1064 1538 teste
1089 1507 1274 1538 Marcellino
1299 1518 1324 1538 a.
1336 1508 1397 1539 508
1419 1506 1529 1537 classis
1553 1505 1744 1537 Graecorum
1767 1504 1858 1535 litora

200 1566 311 1598 Italiae
334 1567 480 1598 vastavit.

309 1653 326 1684 I
352 1655 400 1686 16.
426 1654 540 1696 Apulis
557 1653 641 1696 quod
663 1658 790 1696 propter
815 1655 1013 1685 inimicorum
1035 1654 1248 1693 subreptiones
1264 1653 1432 1684 remittitur
1448 1664 1519 1694 pars
1536 1652 1724 1694 reliquorum
1741 1651 1858 1694 primae

201 1713 389 1752 indictionis,
413 1725 491 1756 quae
514 1714 582 1745 finit.
605 1718 755 1745 autumno
779 1725 805 1744 a.
825 1716 896 1752 508,
919 1718 1024 1755 aperte
1048 1718 1167 1756 spectat
1190 1713 1230 1744 ad
1252 1714 1344 1744 litora
1369 1713 1479 1744 Italiae
1503 1724 1539 1743 ea
1562 1717 1676 1743 aestate
1699 1724 1717 1743 a
1736 1712 1858 1753 Byzan-

201 1774 253 1805 tiis
276 1778 400 1806 vastata
423 1773 508 1813 (vide
531 1773 570 1805 ad
594 1774 611 1805 Ι
639 1776 677 1812 1).
722 1774 830 1805 eodem
854 1774 981 1816 respicit
1004 1774 1130 1805 omniuo
1154 1774 1295 1805 remissio
1318 1774 1399 1804 facta
1423 1772 1667 1814 negotiatoribus
1684 1771 1857 1813 Sipontinis

201 1834 237 1865 ΙΙ
261 1836 301 1867 38
325 1839 453 1878 propter
474 1835 611 1866 hostium
636 1835 918 1878 depopulationem.

312 1921 329 1951 I
356 1923 403 1953 17.
428 1921 483 1952 ΙΙΙ
507 1923 557 1953 48.
585 1921 792 1953 Castellorum
819 1921 1048 1952 aedificationes
1074 1921 1161 1952 iuxta
1183 1921 1355 1952 Dertonam
1388 1920 1417 1955 (I
1445 1921 1494 1955 17)
1523 1924 1553 1950 et
1579 1919 1787 1951 Verrucarum
1819 1917 1858 1948 ad

202 1981 346 2012 Athesim
371 1982 437 2020 (ΙΙΙ
461 1983 515 2021 48)
539 1987 574 2013 ut
597 1982 637 2013 ad
660 1987 777 2013 certum
801 1993 915 2013 annum
938 1982 1043 2013 referri
1066 1986 1236 2024 nequeunt,
1259 1982 1301 2012 ita
1324 1981 1409 2011 hisce
1431 1980 1623 2022 temporibus
1647 1979 1763 2021 optime
1786 1990 1859 2009 con-

202 2042 338 2074 veniunt.
385 2043 416 2074 in
440 2043 627 2085 panegyrico
650 2044 777 2075 recitato
801 2043 880 2074 inter
903 2055 929 2074 a.
946 2044 1008 2075 504
1032 2048 1063 2074 et
1080 2044 1141 2075 508
1166 2054 1190 2073 c.
1209 2044 1256 2080 11,
1273 2043 1313 2074 59
1338 2040 1503 2072 Ennodius
1533 2041 1598 2071 otia
1625 2041 1734 2070 nostra
1758 2039 1859 2080 inquit

204 2104 309 2143 numni
331 2104 412 2143 reye’s
426 2103 603 2135 sollicitudo
623 2104 768 2143 custodit,
794 2115 847 2135 nce
864 2106 967 2134 tamen
984 2104 1109 2134 desistis
1127 2102 1253 2134 castella
1271 2112 1458 2141 propayare,
1483 2111 1578 2132 emas
1594 2103 1667 2130 tzms
1685 2100 1718 2130 in
1734 2099 1858 2139 lonymn

196 2164 380 2203 producere.
426 2176 614 2206 quamquam
639 2165 731 2195 etiam
757 2165 927 2206 posteriore
949 2169 1087 2206 tempore
1111 2164 1225 2195 similia
1247 2162 1450 2204 reperiuntur,
1473 2166 1507 2193 ut
1527 2161 1701 2193 aedificatio
1718 2161 1747 2191 in
1772 2160 1858 2191 terri-

203 2224 284 2255 torio
307 2224 491 2256 Tridentino
516 2225 552 2257 V
575 2226 603 2257 9.

311 2310 328 2341 Ι
355 2312 404 2343 18.
437 2311 579 2353 Respicit
602 2323 654 2342 rex
678 2311 718 2342 ad
742 2311 868 2353 praedia
892 2311 971 2342 inter
994 2311 1116 2342 Gothos
1140 2315 1171 2341 et
1186 2310 1345 2341 Romanos
1370 2309 1472 2340 divisa
1496 2312 1661 2351 postquam
1686 2307 1716 2338 in
1734 2306 1856 2337 Italiam

203 2372 361 2414 ingressus
385 2376 433 2403 est
455 2383 481 2403 a.
505 2373 577 2404 489.

311 2466 329 2497 Ι
352 2468 402 2498 24.
435 2466 605 2509 Expeditio
628 2466 811 2498 Theoderici
835 2467 865 2497 in
890 2466 1025 2498 Galliam
1051 2471 1194 2508 suscepta
1217 2469 1290 2508 post
1317 2464 1468 2508 proelium
1493 2462 1710 2504 Vogladense,
1740 2462 1771 2492 in
1795 2473 1857 2503 quo

204 2526 316 2557 cecidit
338 2527 481 2558 Alaricus
506 2539 533 2558 a.
551 2529 612 2560 507
638 2527 723 2565 (vide
747 2526 787 2558 ad
810 2526 863 2557 ΙΙΙ
890 2529 929 2565 1),
952 2526 1077 2568 quando
1100 2526 1180 2557 facta
1206 2526 1254 2564 sit,
1277 2526 1378 2556 firmat
1399 2524 1514 2556 diserto
1537 2523 1715 2554 testimonio
1732 2522 1857 2554 Cassio-

205 2586 299 2618 dorus
329 2587 360 2618 in
390 2587 544 2618 chronicis
568 2587 607 2618 ad
631 2599 657 2618 a.
674 2589 754 2619 508:
785 2587 834 2617 lais
862 2586 1040 2619 consulibus
1069 2588 1178 2617 contra
1201 2586 1346 2616 Francos
1374 2596 1394 2615 (ι
1417 2584 1528 2615 ‹Ionum›
1553 2586 1655 2614 nostro
1679 2583 1858 2613 destinatur

205 2649 372 2685 exercitus,
402 2649 458 2687 qui
484 2648 608 2679 Gallias
632 2648 831 2679 Francorum
855 2647 1095 2686 &praedatione
1123 2646 1272 2684 confusas
1305 2645 1392 2675 vietis
1421 2644 1560 2675 hostibus
1587 2654 1625 2673 ac
1652 2642 1773 2682 thyaris
1800 2652 1856 2672 suo

205 2708 378 2747 adquisivit
403 2709 538 2748 imperio.
585 2720 623 2739 ex
646 2708 789 2750 epistulis
812 2708 904 2749 regiis
928 2707 967 2738 ad
988 2718 1056 2738 eam
1080 2705 1307 2750 expeditionem
1332 2705 1485 2747 pertinent
1506 2704 1570 2734 hac.
1587 2703 1602 2734 I
1620 2705 1661 2734 24
1678 2702 1717 2734 ad
1734 2702 1856 2733 Gothos

206 2768 378 2807 universos,
401 2781 462 2810 qua
479 2768 653 2801 Gothorum
677 2769 829 2799 exercitus
854 2768 977 2798 iubetur
1000 2766 1164 2798 convenire
1187 2765 1227 2797 ad
1250 2764 1479 2808 expeditionem
1504 2764 1533 2795 in
1551 2763 1671 2795 Gallias
1689 2762 1858 2803 suscipien-

206 2827 278 2860 dam
301 2834 372 2861 ante
395 2828 476 2861 diem
500 2829 570 2861 Iun.
587 2831 637 2862 24.
661 2829 695 2860 II
720 2830 738 2862 8
764 2828 802 2860 ad
827 2829 976 2860 Severum
1004 2827 1186 2869 episcopum
1210 2830 1336 2869 propter
1360 2824 1550 2864 resarcienda
1574 2825 1687 2857 damna
1710 2822 1856 2853 subiectis
