2279 3261
496 181 506 208 1
520 179 554 209 18
1213 178 1424 206 CASSIODORI

492 266 680 304 cognoscat.
715 263 791 294 dum
828 266 1014 305 susceptum
1050 274 1129 295 onus
1163 266 1401 306 promovissent
1434 267 1466 297 in
1501 267 1651 308 pelagus,
1691 267 1835 298 adversis
1870 268 2000 299 flatibus
2035 268 2135 299 fuisse

492 318 691 356 susceptum:
723 315 777 345 ubi
807 314 975 346 fatiscente
1004 326 1160 357 compage
1188 317 1344 354 trabium„
1375 318 1481 348 omnia
1509 318 1556 348 vis
1585 317 1751 349 absorbuit
1778 319 1936 349 undarum
1961 329 2021 350 nec
2045 320 2134 361 quie-

489 378 584 408 quam
619 367 744 398 miseris
779 366 819 397 de
856 377 1011 408 aquarum
1046 368 1214 399 nimietate
1249 369 1311 399 nisi
1343 369 1427 399 solas
1459 369 1610 399 lacrimas
1640 369 1809 400 restitisse.
1866 370 1961 401 Unde
2000 371 2134 401 illustris

490 417 671 449 sublimitas
703 421 772 457 tua,
805 419 971 460 praesenti
1001 419 1193 450 auctoritate
1223 421 1431 454 commonita.
1464 420 1695 451 modiationem
1726 421 1825 451 tritici
1857 432 1952 462 quam
1984 422 2043 453 sub
2074 422 2134 453 hac

458 476 468 492 f·
489 471 574 499 sorte
608 469 730 510 perisse
766 469 987 510 probaverint,
1024 469 1218 511 supradictis
1253 470 1516 511 prosecutoribus
1553 472 1622 502 sine
1659 472 1769 513 aliqua
1798 472 1897 503 faciat
1929 473 2134 504 cunctatione

444 942 468 960 10

443 1203 465 1220 15

438 2088 461 2106 25

488 520 640 562 reputari.
691 520 890 551 crudelitatis
923 521 1007 552 enim
1039 532 1143 562 genus
1175 525 1224 552 est
1255 522 1340 552 ultra
1370 522 1573 563 naufragium
1606 523 1689 554 velle
1722 523 1890 555 desaevire
1924 527 1955 555 et
1989 525 2062 555 illos
2095 525 2134 556 ad

488 571 660 613 dispendia
684 582 812 613 cogere,
837 572 952 613 quibus
976 573 1106 614 inopem
1131 573 1229 603 vitam
1253 573 1433 614 probantur
1456 574 1597 605 inmania
1621 575 1784 606 elementa
1808 575 1958 606 cessisse.

1263 745 1356 776 VIII.

588 813 850 845 HONORATIS
876 813 1234 844 POSSESSORIBUS
1259 814 1316 845 ΕΤ
1341 814 1613 846 OURIALIBUS
1638 815 2031 848 FOROLIVENSIBUS

1085 865 1408 897 THEODERICUS
1432 866 1535 898 REX.
1951 895 1980 915 a·
1999 885 2133 926 507l511

591 934 697 966 Grave
713 935 815 966 videri
840 946 903 966 non
925 934 1032 973 debet,
1057 935 1142 975 quod
1159 938 1271 966 nostra
1287 935 1486 967 ordinatione
1505 939 1666 975 censetur⁷
1692 936 1766 978 quia
1782 937 1930 968 novimus
1948 938 2132 977 aestimare,

486 986 570 1028 quod
588 997 644 1017 vos
669 990 796 1028 oportet
819 987 964 1028 implere.
1003 997 1022 1016 a
1044 986 1137 1017 nobis
1162 986 1281 1028 quippe
1306 987 1441 1028 potestis
1466 987 1701 1019 rationabiliter
1725 988 1891 1027 custodiri,
1915 989 2032 1030 quibus
2056 1000 2133 1031 pro-

485 1039 606 1070 fecistis
633 1049 695 1069 non
725 1038 858 1079 gravati.
904 1038 1038 1079 proinde
1071 1038 1233 1070 devotioni
1261 1042 1390 1070 vestrae
1422 1040 1586 1081 praesenti
1619 1041 1812 1072 auctoritate
1845 1041 2066 1081 decernimus,
2098 1045 2133 1073 ut

484 1095 616 1133 accepto
646 1092 748 1133 pretio
779 1092 975 1133 competenti
1009 1091 1048 1122 de
1073 1092 1152 1122 locis
1181 1092 1299 1123 vestris
1330 1091 1370 1123 ad
1394 1091 1571 1122 Alfuanum
1601 1092 1711 1123 trabes
1742 1092 1812 1123 sine
1843 1092 1952 1134 aliqua
1976 1092 2132 1124 dilatione

484 1143 660 1181 devehatis,
689 1146 848 1184 quatenus
874 1146 905 1174 ct
928 1146 1038 1174 nostra
1062 1142 1221 1174 ordinatio
1247 1143 1352 1174 sortiri
1377 1144 1479 1185 possit
1504 1143 1655 1175 effectum
1682 1147 1714 1175 et
1738 1145 1901 1186 perceptis
1925 1144 2131 1176 mercedibus

484 1205 544 1226 nec
569 1206 625 1226 vos
650 1195 824 1226 videamini
850 1195 1009 1226 sustinere
1034 1195 1250 1237 dispendium.

1256 1349 1368 1381 vnn.

864 1419 999 1450 OSVIN
1019 1412 1063 1450 V·
1080 1413 1110 1450 Ϊ·
1136 1419 1293 1451 COMITI
1316 1419 1638 1452 THEODERIOUS
1662 1419 1763 1451 REX.
1950 1447 1979 1467 a·
1997 1437 2131 1467 507s511

585 1487 795 1518 Innocentiae
819 1487 977 1529 professio
1002 1492 1052 1519 est
1076 1492 1220 1519 nostram
1246 1489 1387 1530 elegisse
1412 1490 1646 1530 praesentiam,
1678 1489 1733 1520 ubi
1757 1499 1815 1519 nec
1839 1489 2012 1520 violentiae
2041 1489 2131 1519 locus

482 1538 575 1569 datur
602 1550 661 1570 nec
693 1539 850 1570 avaritiae
878 1540 957 1570 vitia
986 1540 1210 1571 formidantur.
1257 1540 1460 1571 Maur-entius
1489 1544 1586 1582 atque
1611 1541 1715 1572 Paula
1743 1541 1843 1582 patris
1874 1541 1995 1571 auxilio
2019 1540 2130 1571 nudati

482 1591 655 1622 multorum
681 1602 715 1622 sc
740 1591 864 1622 iniuriis
889 1595 1051 1622 testantur
1075 1593 1209 1633 exponi:
1235 1602 1370 1633 quornm
1396 1592 1619 1623 adulescentia
1636 1593 1748 1634 pervia
1764 1592 1894 1624 videtur
1910 1592 2130 1630 incommodis,

437 1650 447 1668 2
481 1654 552 1674 cum
584 1644 678 1675 facile
708 1645 809 1685 possit
834 1644 965 1685 subrepi
995 1644 1046 1675 vel
1078 1644 1250 1675 iuvenibus
1282 1644 1457 1675 destitutis.
1504 1648 1535 1675 ct
1563 1644 1636 1675 ideo
1665 1647 1809 1675 nostrum
1839 1647 2006 1675 merentur
2035 1654 2129 1685 prae-

481 1695 612 1733 sidium,
644 1706 663 1726 a
691 1696 806 1737 quibus
838 1706 872 1726 se
905 1695 1063 1727 calliditas
1095 1706 1156 1726 non
1189 1695 1332 1726 abstinet
1360 1696 1587 1737 improborum.
1640 1696 1775 1738 proinde
1809 1696 1990 1727 sublimitas
2022 1699 2131 1726 vestra

480 1750 624 1778 tenorem
651 1748 831 1789 praesentis
856 1747 1007 1778 iussionis
1039 1757 1219 1788 agnoscens
1248 1757 1344 1788 supra
1372 1751 1568 1778 memoratos
1599 1747 1742 1784 adultos.
1775 1748 1801 1778 si
1832 1748 1902 1789 quis
1932 1747 2129 1788 iurgantium

482 1800 609 1840 pulsare
626 1799 786 1835 maluerit,
811 1799 850 1830 ad
868 1802 1013 1830 nostrum
1031 1799 1218 1830 comitatum
1234 1800 1359 1830 noverit
1380 1799 1577 1840 dirigendos,
1601 1799 1655 1830 ubi
1679 1803 1712 1831 et
1736 1799 1921 1830 innocentia
1944 1798 2128 1840 perfugium

481 1854 513 1881 ct
537 1851 786 1882 calumniatores
811 1851 860 1882 ius
885 1851 1009 1892 possint
1033 1851 1178 1882 invenire
1203 1851 1392 1882 districtum.

1285 2014 1324 2045 x.

860 2082 1055 2114 IOHANNI
1076 2076 1118 2113 V·
1137 2076 1174 2113 s·
1202 2083 1457 2114 consumar
1482 2082 1746 2114 CAMPANIAE

1079 2134 1400 2166 Tenonnnrons
1426 2134 1527 2166 REX.
1943 2161 1971 2181 a,
1990 2151 2125 2191 ὄψῃ]

581 2203 725 2234 Foedum
758 2207 807 2234 est
838 2204 922 2235 inter
951 2205 1021 2235 iura
1051 2205 1183 2246 publica
1213 2205 1346 2246 privatis
1380 2204 1461 2235 odiis
1493 2204 1658 2235 licentiam
1690 2204 1767 2235 darc
1800 2214 1860 2235 nec
1890 2203 1929 2234 ad
1959 2202 2124 2234 arbitrium

480 2255 645 2296 proprium
678 2255 888 2286 vindicandus
922 2260 971 2287 est
1002 2257 1203 2287 inconsultus
1236 2256 1343 2288 fervor
1375 2256 1565 2287 animorum.
1620 2255 1763 2297 iniquum
1795 2256 1913 2297 quippe
1948 2254 2042 2285 nimis
2076 2256 2127 2285 est

583 2393 888 2425 LRJx'PJION(X)E(1‹⁷)

583 2478 595 2502 1
623 2482 768 2511 suspectum
792 2481 811 2503 Ο
912 2478 1106 2511 promouisscnt]
1132 2479 1325 2504 PM1»‹,›2NXA
1351 2484 1508 2510 correctura,
1536 2480 1702 2512 promouissct
1720 2478 1880 2509 LRKsslaE,
1908 2478 2063 2510 promouiss*
2086 2477 2123 2501 0¹

478 2521 494 2546 2
513 2520 567 2553 ubi]
587 2526 616 2546 ut
628 2522 653 2545 Ι)
721 2523 773 2546 abs.
795 2522 976 2551 (ahmin-iniisset
997 2523 1030 2549 Κ,
1048 2523 1175 2554 absorpsit.
1194 2523 1227 2553 P)
1247 2521 1317 2554 und]
1338 2523 1398 2547 und.
1417 2523 1469 2547 abs.
1491 2523 1528 2546 ‘10
1599 2521 1655 2554 nce]
1676 2531 1707 2546 nc
1727 2522 1757 2545 X
1855 2521 1871 2545 3
1890 2520 1966 2553 unde]
1987 2522 2050 2545 bene
2071 2520 2124 2544 XE

478 2564 494 2589 4
513 2562 701 2596 modiationem]
722 2565 747 2588 in
767 2565 949 2589 ordinationem
969 2566 995 2589 Ε
1108 2565 1124 2590 5
1144 2566 1287 2598 probauerit
1304 2565 1359 2595 OS,
1381 2566 1554 2598 probauerunt
1573 2565 1599 2589 E
1675 2563 1845 2596 cunctatione]
1866 2565 2076 2597 percum-racione
2098 2563 2124 2587 N

478 2608 494 2633 6
517 2608 654 2632 crudelitas
673 2607 713 2631 E¹
785 2616 823 2631 en.
846 2617 903 2640 gen.
926 2607 972 2640 ost]
997 2614 1033 2633 est
1057 2617 1096 2633 en.
1120 2618 1177 2641 gen.
1197 2609 1286 2639 ssloX,
1312 2617 1350 2633 en.
1374 2613 1411 2633 cst
1435 2617 1493 2641 gen.
1515 2608 1567 2632 EF
1632 2607 1708 2639 ultra]
1733 2608 1800 2632 ulica
1820 2607 1861 2631 E¹
1933 2608 2060 2632 ‹leseruirc
2080 2606 2123 2630 Ει

479 2650 492 2675 7
513 2651 625 2675 inmonia
638 2650 666 2674 ,Υ
714 2651 839 2675 elementa
857 2650 971 2683 cessisse]
992 2652 1103 2683 pericula
1123 2653 1276 2676 concessisse
1290 2652 1370 2676 XEF
1454 2651 1484 2676 11
1505 2660 1519 2676 a
1540 2649 1621 2683 nobis]
1641 2652 1721 2675 ambis
1736 2651 1756 2675 Ο
1814 2649 1964 2683 profecistis]
1981 2649 2123 2680 LRIUAe,

478 2694 598 2727 proficitis
610 2694 642 2724 P,
664 2695 793 2726 pr‹1›fnistis
806 2693 1011 2724 MONXEFAr,
1034 2696 1175 2727 prospicitis
1189 2695 1231 2719 K²
1304 2694 1335 2719 12
1355 2693 1414 2726 non]
1435 2695 1510 2719 ctiam
1529 2703 1580 2719 non
1593 2694 1647 2718 EF
1722 2693 1752 2718 13
1771 2694 1862 2717 nostris
1877 2693 1897 2717 O
1955 2693 2080 2717 alfianum
2092 2692 2123 2722 P,

478 2737 613 2761 alsuanum
633 2737 657 2761 Α
764 2737 795 2761 15
814 2738 963 2761 uideramini
981 2737 1001 2761 O
1107 2737 1136 2762 lT
1158 2739 1318 2770 professessio
1336 2740 1356 2762 (J
1426 2736 1603 2770 praesentiam]
1624 2737 1780 2769 prouinciam
1800 2737 1829 2760 K
1933 2735 1964 2760 18
1982 2736 2077 2760 auxilia
2096 2735 2125 2759 N

478 2779 512 2804 ⁸20
530 2779 641 2812 subrepi]
663 2780 773 2811 Krusclz,
792 2781 889 2813 subripi
909 2781 967 2804 libri
1037 2780 1068 2805 21
1088 2781 1252 2813 reproborum
1272 2781 1306 2812 K,
1329 2782 1467 2813 improrum
1484 2781 1504 2805 Ο
1573 2779 1606 2804 22
1625 2780 1768 2812 iugantium
1786 2780 1815 2803 K
1884 2778 1916 2803 23
1935 2779 2046 2811 profugit
2066 2778 2126 2802 MN

478 2822 511 2847 24
530 2822 578 2855 ius]
599 2824 643 2848 uix
664 2823 691 2847 X
758 2822 863 2856 possint]
883 2827 990 2856 possunt
1009 2823 1167 2848 PMONXA
1273 2823 1307 2848 ‘28
1325 2822 1504 2856 uindicandns]
1525 2824 1676 2848 iudicandus
1696 2822 1822 2847 MaXEA
