2279 3261
924 186 1151 213 PROOEMIVM.
1789 190 1863 216 XXV

896 302 949 333 per
972 291 1058 322 illam
1082 290 1299 323 indictionem:
1434 293 1473 323 ab
1497 293 1549 324 illa
1572 293 1755 325 indictione:

273 356 410 387 consulis
971 360 1025 392 ΥΙ
1052 361 1077 392 1.
1100 359 1153 391 IX
1178 362 1228 392 22.

1546 423 1599 454 VI
1624 425 1642 454 2

1438 483 1491 515 VI
1515 485 1543 515 3.
1567 483 1618 515 IX
1643 485 1693 515 24.
1708 486 1747 517 25

273 416 394 459 patricii

1025 480 1117 513 VIII
1140 482 1181 512 20

854 541 870 571 I
895 542 944 573 42.
968 541 1022 572 III
1050 542 1096 573 11.
1126 541 1174 573 VI
1199 542 1227 572 4.
1251 541 1302 571 IX
1330 543 1346 573 7

273 477 417 520 praefecti
443 477 598 519 praetorio

272 537 419 580 praefecti
444 537 511 568 urbi

271 598 445 640 quaestoris
882 601 935 634 VI
960 604 987 635 5.
1012 601 1103 634 VIII
1130 603 1176 634 18.
1200 601 1232 632 X
1258 605 1286 634 (5.
1305 590 1337 633 7⁷
1554 605 1585 636 V
1610 606 1629 635 3

271 658 412 700 magistri
438 658 610 690 officiorum
1051 662 1104 693 VI
1128 665 1147 693 (j

270 719 392 750 comitis
409 730 566 750 sacrarum
588 719 787 761 largitionum
985 721 1019 754 V
1042 723 1092 753 40.
1116 721 1168 753 ΥΙ
1195 723 1212 753 7
1519 725 1606 757 VIII
1633 727 1670 758 16

271 780 393 811 comitis
417 779 611 822 privatarum
1053 782 1107 815 VI
1131 784 1150 814 8

271 839 393 871 comitis
418 840 597 882 patrimonii
985 840 1039 875 IV
1064 844 1092 875 3.
1115 842 1169 875 ΥΙ
1193 844 1212 875 9

270 900 392 932 comitis
416 900 656 932 domesticorum
681 901 822 932 vacantis
1527 905 1581 938 VI
1608 908 1646 938 10

269 960 392 992 comitis
415 961 508 1003 primi
532 961 650 993 ordinis
1528 966 1581 999 VI
1607 968 1644 998 12

270 1021 382 1053 notarii
1529 1027 1582 1058 ΥΙ
1608 1028 1646 1059 16

269 1082 415 1124 praefecti
438 1094 578 1114 annonae
1043 1085 1094 1117 VI
1121 1087 1158 1117 18

268 1143 440 1174 consularis
463 1143 642 1185 provinciae
934 1145 985 1177 VI
1011 1147 1060 1178 20.
1077 1147 1126 1177 21.
1150 1146 1223 1178 VII
1247 1148 1266 1177 2

268 1203 391 1234 comitis
415 1203 553 1235 civitatis
844 1205 897 1237 VI
913 1208 962 1238 22.
976 1208 1025 1238 23.
1049 1206 1122 1238 ΥΠ
1137 1208 1185 1239 13.
1201 1208 1247 1239 14.
1260 1208 1356 1239 1626

269 1263 390 1294 comitis
413 1264 593 1306 p1·‹,)vinciae
1041 1267 1114 1299 ΥΙῙ
1141 1269 1154 1299 l

269 1323 358 1355 ducis
382 1325 561 1366 provinciae
1042 1327 1113 1359 VII
1138 1329 1156 1359 4

268 1395 359 1415 curae
382 1384 490 1427 palatii
1534 1388 1605 1420 VII
1629 1392 1647 1422 5

268 1445 390 1476 comitis
412 1445 581 1476 formarum
1043 1448 1115 1480 ΥΠ
1140 1450 1158 1480 6

267 1505 412 1547 praefecti
439 1506 569 1548 vigilum
1018 1508 1091 1541 ΥΙΙ
1115 1510 1142 1541 7.
1160 1511 1178 1540 8

267 1566 389 1597 comitis
414 1566 528 1598 Portus
1041 1569 1110 1600 VII
1135 1571 1153 1601 9

267 1625 437 1658 defensoris
460 1627 597 1659 civitatis
1030 1629 1099 1661 VII
1126 1631 1161 1661 11

266 1687 418 1719 curatoris
442 1688 578 1719 civitatis
1525 1691 1594 1723 VII
1622 1693 1659 1723 12

267 1747 424 1779 architecti
451 1749 536 1780 urbis
560 1748 680 1780 Romae
1523 1751 1595 1783 ΥΠ
1621 1754 1659 1785 15

266 1809 435 1850 praepositi
459 1809 552 1840 calcis
1521 1811 1593 1843 ΥΠ
1618 1813 1656 1844 17

266 1868 375 1899 vicarii
398 1869 513 1900 Portus
1030 1870 1100 1902 ΥΠ
1124 1872 1165 1902 223

268 1929 395 1960 rectoris
418 1929 613 1961 decuriarum
1540 1931 1573 1963 Υ
1597 1933 1637 1963 22,

265 1990 435 2030 erogatoris
460 1991 661 2032 opsoniorum
1522 1992 1592 2023 XII
1620 1994 1654 2023 11

266 2049 427 2081 ‹lomesti‹·i
1537 2052 1570 2083 X
1598 2054 1631 2084 11

265 2110 438 2141 cancellarii
462 2111 641 2153 provinciae
1051 2111 1101 2141 XI
1130 2113 1142 2143 1

201 2213 325 2256 proprie
359 2213 438 2246 duae
471 2215 623 2246 formulae
658 2215 700 2246 ita
731 2214 895 2253 differunt,
926 2219 959 2246 ut
987 2215 1082 2246 altera
1112 2226 1208 2257 eaque
1238 2216 1335 2247 rarior
1357 2216 1395 2247 ab
1422 2216 1589 2247 indictione
1615 2216 1668 2247 illa
1692 2216 1855 2247 terminum

200 2274 432 2317 quodaminodo
456 2276 601 2308 excludat
623 2282 654 2308 et
676 2276 761 2318 quod
784 2277 848 2307 fieri
874 2276 996 2307 iubetur
1019 2277 1171 2318 significet
1194 2277 1223 2307 in
1248 2281 1431 2318 perpetuum
1456 2276 1609 2315 obtinere,
1632 2288 1731 2318 neque
1754 2275 1856 2307 diver-

200 2335 276 2367 sitas
300 2347 336 2367 ea
358 2337 450 2378 plane
473 2337 648 2369 oblitterata
671 2342 718 2369 est
742 2338 826 2380 apud
849 2338 1083 2377 Cassiodorum,
1107 2350 1177 2369 cum
1201 2339 1379 2370 inveniatur
1402 2339 1599 2381 potissimum
1629 2338 1660 2368 in
1684 2337 1854 2369 honoribus

200 2397 371 2438 perpetuis,
401 2402 435 2428 ut
464 2402 536 2429 sunt
564 2399 746 2440 patriciatus
775 2404 803 2430 et
832 2399 981 2430 comitiva
1009 2399 1100 2441 primi
1125 2398 1255 2430 ordinis:
1290 2410 1479 2441 quamquain
1503 2411 1565 2430 non
1589 2399 1680 2430 anxie
1703 2410 1772 2429 eum
1796 2399 1855 2429 hoc

200 2460 338 2487 secutum
366 2468 434 2488 esse
459 2458 628 2489 ostendunt
651 2459 702 2490 alii
732 2459 806 2498 lovi,
834 2459 886 2491 ubi
918 2460 1075 2490 invenitiu·
1105 2460 1261 2502 applicata
1290 2459 1329 2491 ad
1354 2460 1485 2491 honores
1510 2459 1600 2491 datos
1624 2471 1684 2490 non
1709 2459 1749 2490 ad
1772 2459 1853 2490 diem

201 2517 290 2548 vitae.
327 2517 459 2550 formula
482 2519 670 2561 frequentior
689 2531 747 2559 per
771 2520 855 2551 illam
881 2521 1081 2552 indictionem
1104 2525 1272 2563 usurpatur
1292 2520 1411 2551 ratione
1431 2520 1562 2562 duplici:
1587 2525 1640 2551 aut
1664 2520 1854 2561 significatur

200 2577 243 2608 ita
266 2579 416 2620 temporis
441 2580 576 2622 spatium
593 2580 826 2623 aequiparatum
850 2581 892 2612 rei
914 2581 1079 2612 continuae
1095 2580 1133 2612 de
1156 2593 1218 2623 qua
1239 2581 1350 2622 agitur,
1375 2585 1407 2611 ut
1430 2581 1474 2612 ait
1497 2580 1665 2612 Suetonius
1690 2580 1778 2611 Caes.
1795 2582 1852 2613 88:

199 2637 288 2669 stella
322 2639 441 2670 crinita
466 2651 526 2679 per
554 2644 668 2680 septem
697 2641 763 2672 dies
791 2641 956 2672 cmttlmoos
985 2641 1094 2680 fulsit,
1123 2645 1177 2672 aut
1209 2642 1239 2672 in
1272 2653 1304 2672 re
1332 2652 1394 2672 non
1423 2641 1582 2679 continua,
1613 2639 1665 2672 sed
1696 2646 1852 2672 momento

199 2699 347 2740 temporis
371 2700 592 2742 comprehensa
615 2702 769 2743 signifieat
791 2706 982 2733 momentum
1012 2701 1044 2732 id
1068 2701 1202 2732 incidere
1225 2702 1256 2732 in
1280 2702 1415 2744 ¹spatium
1440 2701 1471 2732 id
1493 2700 1577 2743 quod
1593 2701 1794 2742 significatur,
1819 2706 1852 2731 ut

199 2758 242 2789 ait
264 2759 376 2790 Livius
400 2762 429 2798 2,
449 2762 500 2793 18:
524 2771 595 2792 cum
610 2772 671 2801 per
694 2761 784 2793 ludos
806 2762 844 2793 ab
868 2762 1057 2793 Sabinorum
1083 2762 1240 2793 inventute
1261 2765 1364 2793 scorta
1388 2765 1576 2802 raperentur
1599 2766 1628 2792 et
1652 2763 1702 2799 36,
1721 2763 1773 2793 14:
1793 2772 1852 2800 per

199 2830 248 2850 ‘³⁰⁸
270 2820 350 2859 forte
373 2821 440 2852 dies
464 2847 470 2852 .
489 2848 494 2854 .
519 2823 628 2854 consul
652 2849 658 2855 .
677 2848 683 2854 .
702 2849 708 2855 .
727 2824 887 2863 lnfaelestrrss
903 2824 1010 2863 copias
1026 2823 1177 2854 Larismn
1194 2823 1305 2854 (lucere
1328 2823 1469 2862 tribunos
1492 2822 1625 2853 militnm
1653 2822 1753 2851 iussit.
1799 2821 1851 2852 illa

303 2876 488 2903 Cissmnonvs.
1677 2876 1694 2901 d
