2279 3261
366 734 383 761 4

369 887 387 914 07

406 738 429 755 10

407 995 428 1013 15

411 1402 435 1418 ’.50

415 1918 439 1936 30

444 184 504 213 282
1165 180 1375 206 CASSIODORI

444 272 479 298 ut
508 271 623 298 cuncta
653 267 766 298 civitas
798 278 977 298 maerorem
1010 266 1049 297 de
1079 266 1205 296 illorum
1237 267 1390 297 continua
1423 267 1605 297 calamitate
1638 266 1851 302 contraxerit,
1887 269 1922 296 ut
1953 266 1997 296 eis
2026 277 2086 297 nec

445 319 568 350 dierum
584 319 753 354 festivitas,
778 328 837 348 nec
855 318 931 355 ulla,
948 328 1029 359 quae
1048 317 1132 359 apud
1150 328 1208 348 nos
1228 320 1277 348 est
1294 317 1487 358 gratissima,
1509 317 1646 348 nominis
1664 317 1712 347 sui
1729 316 1868 358 dignitas
1887 316 2087 347 subveniret.

444 370 526 412 quod
552 370 644 401 nobis
669 380 725 411 pro
751 369 799 399 sui
822 369 899 399 facti
923 369 1102 400 acerbitate
1124 369 1297 410 displicuit,
1322 373 1357 399 ut
1373 369 1426 409 qui
1444 369 1475 399 in
1492 368 1609 399 iudicio
1629 368 1767 399 convicti
1784 368 1914 398 minime
1931 368 2087 405 feruntur,

444 422 553 453 debita
582 421 673 451 malis
706 423 868 451 tormenta
897 421 1122 462 cruciatusque
1156 421 1358 461 pertulerint.
1414 419 1456 450 Et
1485 419 1558 450 ideo
1588 419 1844 460 magnitudinem
1875 423 1962 450 tuam
1993 419 2088 450 iussis

445 472 671 514 praesentibus
701 482 938 509 ammonemuS,
974 476 1009 503 ut
1039 483 1242 513 quocumque
1272 473 1334 502 loci
1363 472 1506 513 reperire
1537 472 1696 512 potueriS,
1733 482 1789 502 eos
1822 471 1991 502 absolvere
2027 481 2090 501 non

445 524 592 555 moreris.
639 534 718 564 quos
743 524 870 554 etiamsi
895 524 1002 565 aliquo
1028 527 1120 555 reatu
1145 523 1307 554 involutos
1333 534 1405 553 esse
1425 523 1548 559 claruit,
1574 522 1862 553 intercessionibus
1881 533 1979 563 supra
1996 522 2089 553 dictis

447 587 502 607 eos
533 576 596 605 iam
625 586 643 605 a
672 578 759 605 metu
791 575 911 605 liberos
941 586 1014 606 esse
1046 585 1227 606 censemus.
1282 575 1307 605 si
1340 585 1414 605 vero
1439 575 1628 605 innocentes
1654 584 1688 605 se
1714 577 1873 604 tormenta
1897 574 2090 604 sustinuisse

447 626 620 665 confidunt,
646 626 760 656 damus
785 627 936 667 querellis
954 637 1064 657 eorum
1082 627 1217 658 liberam
1235 637 1356 663 vocem,
1382 630 1416 656 ut
1434 626 1525 656 iustis
1543 626 1670 667 legibus
1689 625 1853 656 vindicent
1871 625 1955 666 quod
1973 626 2090 667 iniquis

447 678 580 709 ausibus
612 678 829 719 pertulerunt,
862 679 937 719 quia
966 679 1115 709 nolumus
1148 679 1336 709 innocentes
1369 689 1388 708 a
1417 677 1577 708 iudicibus
1607 677 1758 718 deprimi,
1794 687 1873 718 quos
1905 676 1945 707 ad
1980 687 2091 707 eorum

448 729 609 771 praesidia
637 733 764 760 constat
788 729 918 760 elevari.
969 730 1137 765 Revocent
1166 741 1250 760 nunc
1281 729 1319 760 ad
1349 730 1504 760 laetitiam
1529 729 1696 770 pristinam
1722 729 1845 759 animos
1869 728 2007 759 Romani
2031 738 2092 758 nec

448 781 540 812 nobis
557 781 691 812 credant
707 781 837 822 placere
856 792 952 823 posse
976 782 1036 812 nisi
1054 782 1107 823 (1111
1125 792 1180 812 eos
1197 781 1319 822 eligunt
1336 781 1481 811 modesta
1498 781 1697 821 aequalitate
1714 784 1863 811 tractare.
1902 780 2093 821 intellegant

448 837 600 874 parentes
629 836 758 863 nostros
783 843 840 874 pro
866 844 923 864 sua
948 834 1057 874 quiete
1082 833 1242 864 laboriosa
1267 833 1376 863 subire
1400 833 1559 873 pericula,
1589 843 1646 863 nos
1671 836 1779 863 autem
1803 832 1912 862 multis
1938 832 2092 872 expensis

450 895 558 926 agere,
583 888 618 915 ut
641 885 686 915 illi
712 884 852 915 debeant
877 886 1006 925 garrula
1031 885 1232 915 exultatione
1257 885 1410 925 gaudere.
1456 885 1539 915 Nam
1565 888 1597 914 et
1621 884 1647 914 si
1672 884 1748 925 quid
1772 884 1880 925 inique
1904 883 1955 914 vel
1976 883 2093 914 acerbe

449 936 606 967 hactenus
630 936 844 977 pertulerunt,
869 947 930 967 non
956 937 1091 967 credant
1115 948 1133 967 a
1157 940 1267 967 nostra
1292 936 1539 967 mansuetudine
1564 935 1815 977 neglegendum,
1840 936 1893 976 qui
1917 946 1977 966 nec
2001 935 2094 965 nobis

450 988 515 1018 otia
545 987 674 1024 damus,
704 992 739 1018 ut
769 988 815 1018 illi
848 999 962 1019 secura
992 1000 1073 1030 pace
1105 999 1142 1019 ac
1166 989 1338 1030 tranquilla
1362 988 1485 1019 laetitia
1510 988 1734 1029 perfruantur:
1767 988 1828 1018 cito
1853 987 1995 1018 sentiunt
2019 987 2094 1028 quia

449 1050 505 1070 nos
541 1050 648 1070 amare
687 1050 750 1070 non
785 1051 969 1081 possumus,
1006 1051 1084 1081 quos
1114 1041 1160 1070 illi
1190 1051 1246 1081 pro
1282 1041 1347 1071 suis
1382 1040 1571 1070 excessibus
1602 1039 1804 1070 horruerunt.
1856 1049 1928 1069 nam
1960 1049 2095 1079 quorum

450 1092 585 1132 gratiam
616 1092 790 1133 impetrare
822 1095 973 1132 possunt,
1008 1092 1062 1132 qui
1097 1091 1162 1122 suis
1197 1091 1321 1122 civibus
1353 1091 1523 1133 displicere
1557 1096 1743 1122 meruerunt
1775 1094 1823 1122 et.
1860 1091 1934 1121 dum
1967 1093 2095 1131 tempus

452 1143 643 1173 habuissent
666 1143 785 1173 amoris
810 1143 941 1184 publici,
967 1148 1103 1185 egerunt
1128 1143 1213 1174 unde
1238 1145 1322 1175 iuste
1348 1143 1490 1174 debcant
1514 1143 1681 1174 cxecrari'!

1212 1255 1340 1286 xvm.

924 1324 1137 1355 EDICTUM.
1175 1324 1497 1355 ATHAmfflcus
1522 1324 1625 1355 REX.
1917 1352 1945 1371 a.
1964 1341 2097 1381 5357534

559 1393 694 1423 Provide
719 1393 864 1423 decrevit
888 1394 1061 1434 antiquitas
1087 1394 1331 1424 universitatem
1358 1393 1470 1423 edictis
1495 1394 1702 1434 generalibus
1727 1393 1907 1430 admoneri,
1932 1404 1990 1434 per
2015 1403 2097 1434 quae

454 1448 486 1475 ct
515 1443 667 1475 delictum
693 1455 787 1475 omne
813 1445 984 1485 corrigitur
1008 1449 1040 1475 et
1065 1445 1254 1475 excedentis
1280 1444 1475 1475 verecundia
1500 1456 1563 1475 non
1587 1449 1750 1486 gravatur.
1797 1445 1902 1475 cuncti
1926 1445 2010 1475 enim
2036 1444 2097 1474 sibi

454 1497 628 1527 aestimant
652 1496 724 1535 dici,
750 1497 804 1527 ubi
830 1497 952 1527 nullum
979 1500 1105 1527 constat
1131 1497 1249 1537 exponi
1275 1500 1306 1527 et
1331 1496 1444 1526 similis
1470 1497 1504 1526 fit
1520 1497 1710 1533 innocentis,
1735 1507 1829 1538 quem
1848 1496 2020 1537 contigerit
2039 1495 2097 1526 sub

455 1549 677 1579 communione
702 1549 844 1589 purgari.
892 1549 964 1579 hinc
989 1552 1021 1579 ct
1045 1552 1156 1579 nostra
1174 1559 1248 1579 vere
1266 1549 1370 1589 pictas
1389 1548 1578 1582 custoditur,
1604 1548 1677 1578 dum
1697 1548 1813 1579 feriato
1831 1548 1939 1589 gladio
1957 1548 2099 1578 nascitur

455 1604 559 1631 metus
590 1603 621 1630 et
651 1601 800 1641 provenit
830 1600 899 1631 sine
925 1611 1039 1631 cruore
1065 1601 1230 1631 correctio.
1284 1610 1523 1630 commovemur
1549 1600 1633 1630 enim
1659 1600 1792 1641 placati,
1822 1600 1981 1630 minamur
2005 1600 2099 1630 otiosi

413 1661 430 1677 -’-
456 1656 488 1683 et
513 1652 689 1683 clementer
713 1652 894 1688 irascimur,
927 1651 1053 1693 quando
1078 1652 1157 1682 vitia.
1182 1652 1249 1682 sola
1275 1652 1473 1682 damnamus.
1521 1651 1574 1682 diu
1600 1656 1662 1682 est.
1688 1651 1771 1693 quod
1796 1651 1995 1682 diversorum
2021 1662 2098 1692 que-

455 1704 554 1734 rellae
586 1704 705 1734 nostris
735 1704 866 1734 auribus
898 1704 1020 1734 crebris
1050 1703 1323 1734 susurrationibus
1353 1704 1543 1733 insonarunt
1573 1703 1729 1744 quosdam
1762 1704 1914 1734 civilitate
1946 1703 2099 1744 despecta

456 1755 608 1785 affectare
634 1756 742 1785 vivere
768 1755 898 1785 beluina
923 1756 1070 1791 saevitia,
1096 1755 1171 1785 dum
1196 1755 1337 1795 regressi
1359 1755 1399 1785 ad
1416 1759 1544 1795 agreste
1566 1755 1757 1796 principium
1780 1756 1828 1785 ius
1846 1755 2019 1786 humanum
2038 1754 2099 1785 sibi

457 1807 629 1837 aestimant
652 1807 798 1838 feraliter
822 1807 977 1837 odiosum.
1025 1818 1104 1848 quos
1130 1817 1214 1837 nunc
1239 1810 1314 1847 apte
1337 1806 1547 1836 iudicavimus
1570 1807 1828 1848 comprimendos
1846 1811 1880 1837 ut
1898 1818 1935 1837 eo
1953 1810 2098 1848 tempore

456 1859 585 1889 inimica
614 1858 706 1889 bonis
738 1858 880 1889 moribus
912 1859 1047 1889 crimina
1078 1869 1326 1900 persequamur,
1361 1869 1423 1899 quo
1454 1858 1600 1890 hostibus
1631 1859 1827 1900 reipublicae
1852 1859 1958 1889 divina
1983 1859 2100 1889 virtute

458 1911 646 1941 resistimus.
686 1914 857 1952 utrumque
876 1910 1005 1952 quidem
1023 1911 1165 1947 noxium,
1183 1914 1354 1951 utrumque
1370 1910 1573 1952 pellendum:
1593 1910 1649 1941 sed
1667 1915 1755 1941 tanto
1772 1911 1901 1951 gravius
1915 1913 2103 1951 grassantur

458 1963 535 1993 vitia
561 1966 680 2003 quanto
704 1963 882 2004 probantur
906 1962 1042 1993 interna.
1091 1973 1189 1993 unum
1214 1962 1373 1993 recumbit
1397 1963 1428 1992 in
1454 1963 1567 1993 altero.
1614 1963 1739 1993 facilius
1761 1963 1880 2004 quippe
1902 1962 2101 1992 inimicorum

457 2014 542 2044 acies
570 2014 700 2047 cadunt,
733 2014 757 2044 si
784 2017 965 2044 nostrorum
992 2014 1109 2044 delicta
1138 2013 1357 2044 subducimus.
1403 2014 1545 2044 Primam
1572 2013 1712 2044 humano
1738 2015 1847 2055 generi
1872 2014 2003 2044 noxiam
2028 2024 2100 2055 per-

562 2126 686 2158 ])(ivzcipit
702 2126 733 2151 15
753 2129 774 2149 ’0
791 2126 1202 2158 sm1tiu11t)[;ZNlsEsl‹*)H(‘GI).-
1226 2127 1255 2152 15
1274 2128 1323 2151 1-110
1343 2128 1458 2151 sentiunt
1478 2140 1507 2143 —
1529 2126 1558 2150 1ss
1572 2127 1682 2150 execrari
1696 2135 1742 2150 om.
1759 2126 1807 2156 «1¹1,
1828 2125 1858 2151 15
1872 2127 1931 2158 quia
1946 2140 1975 2142 —
1990 2125 2102 2150 execrari

459 2178 506 2193 om.
526 2169 566 2193 H:
585 2170 641 2194 item
660 2169 691 2193 31
712 2179 791 2194 unum
811 2183 842 2186 —
861 2169 894 2193 5312
913 2171 1080 2194 subducimus
1098 2180 1145 2194 σπι.
1166 2170 1239 2194 HGI

564 2229 575 2253 1
591 2238 726 2254 maerorem
740 2229 780 2262 de]
795 2231 824 2254 de
838 2239 913 2254 maer.
927 2230 954 2254 F
1030 2230 1046 2254 ἱ).
1059 2239 1124 2262 quae
1138 2240 1184 2255 om.
1197 2231 1241 2255 Ka
1288 2230 1337 2262 sui]
1351 2231 1388 2255 tui
1401 2231 1454 2255 EF
1525 2230 1540 2254 3
1553 2230 1681 2254 coniuncti
1695 2230 1753 2254 min.
1766 2230 1800 2260 H,
1814 2230 1873 2254 min.
1887 2230 1951 2254 coni.
1964 2229 2002 2253 F¹
2054 2238 2102 2261 que

460 2282 506 2296 om.
521 2272 595 2296 NHI
684 2272 700 2297 4
719 2274 875 2305 pertulerunt
893 2274 918 2297 Κ
1013 2273 1027 2295 ἦ
1047 2273 1106 2306 11011]
1128 2283 1158 2298 110
1173 2274 1201 2298 Κ
1294 2274 1309 2298 6
1329 2273 1401 2305 quos]
1422 2275 1480 2305 quia
1496 2274 1516 2297 11
1581 2274 1665 2305 aliquo
1684 2282 1731 2297 om,
1746 2273 1870 2297 NKHGI
1931 2273 2063 2297 inuolutus
2076 2272 2109 2296 Η

511 2316 602 2340 claruit
621 2315 664 2341 (B.
683 2317 803 2340 claruerit
822 2317 999 2346 ZKEFGIA,
1018 2318 1143 2341 claruerat
1162 2317 1199 2348 X)
1218 2318 1262 2341 int.
1281 2326 1297 2340 s.
1318 2318 1340 2340 cl.
1358 2326 1400 2341 eos
1417 2318 1430 2340 i.
1447 2326 1468 2341 a.
1488 2326 1520 2341 m.
1539 2318 1554 2340 l.
1573 2325 1626 2341 esse
1644 2326 1690 2340 07η,
1710 2316 1742 2340 Η
1851 2316 1867 2340 ὅ
1886 2316 2045 2340 confundunt
2063 2315 2103 2339 H¹

461 2358 476 2381 9
495 2359 615 2383 innocens
630 2359 656 2382 K
737 2359 768 2383 ln
787 2360 883 2384 elnuari
901 2360 925 2383 Κ
986 2365 1105 2384 reuocent
1119 2369 1143 2384 11.
1154 2361 1185 2383 ad
1199 2361 1213 2383 l.
1227 2359 1378 2392 111*.a11i111‹·sl
1399 2364 1551 2384 reuocentur
1566 2369 1590 2384 11.
1601 2360 1631 2383 ad
1645 2360 1660 2383 1.
1672 2369 1707 2391 pr.
1722 2360 1743 2383 A
1834 2359 1862 2383 ll
1883 2360 1993 2391 diligunt
2008 2358 2107 2382 KHGI

512 2403 632 2426 modestia
648 2402 679 2425 Η
722 2402 885 2434 aequalitatel
901 2403 1024 2434 qualitate
1038 2403 1063 2426 Κ
1115 2403 1262 2433 intelligunt
1273 2403 1304 2428 E.
1318 2403 1476 2434 intelligatur
1487 2403 1552 2427 HG²
1645 2402 1675 2426 lt]
1689 2403 1786 2426 subisse
1799 2402 1838 2426 Ll
1892 2401 1986 2432 autem]
2001 2410 2061 2426 uero
2073 2403 2104 2431 (τ’,

461 2444 520 2468 dum
536 2444 567 2467 H
624 2443 749 2476 expensis]
770 2446 891 2476 exemplis
909 2445 957 2468 EF
1053 2444 1083 2468 13
1102 2443 1216 2476 garrula]
1236 2445 1324 2476 gerula
1340 2445 1414 2471 ΕΤ,
1432 2446 1532 2477 gemina
1552 2445 1591 2469 Ε2
1653 2444 1722 2477 quid]
1742 2446 1843 2476 quidem
1858 2445 1889 2468 H
1955 2445 1995 2469 1101
2015 2454 2062 2469 om.
2078 2444 2108 2468 H

463 2486 494 2511 14
513 2488 663 2519 pertulerint
682 2487 755 2511 HGI
833 2496 912 2511 mans,
935 2493 1010 2512 nostr,
1031 2488 1085 2512 ΝΚ
1202 2488 1232 2512 15¹)
1251 2489 1361 2512 sentiant
1381 2489 1402 2512 Α
1425 2490 1590 2520 prohabililer
1709 2488 1739 2512 111
1761 2498 1807 2513 uos
1827 2489 1855 2512 Κ
1936 2489 2060 2520 possimus
2080 2488 2108 2511 N

464 2530 494 2554 18
513 2529 636 2562 execrari]
657 2530 786 2556 JWEFA.
805 2532 903 2554 execari
924 2531 955 2557 R.
973 2532 1084 2555 exsecari
1104 2531 1186 2561 DZN,
1205 2532 1320 2555 excecari
1341 2532 1425 2555 Paris.
1445 2531 1512 2556 ‘2136
1534 2541 1563 2556 m.
1584 2532 1599 2555 2
1703 2531 1736 2555 90
1755 2532 1861 2563 prouida
1881 2531 1932 2561 Na,
1955 2532 2057 2563 proinde
2078 2530 2110 2554 Η

513 2574 643 2598 admoueri
665 2573 702 2597 Β1
807 2573 837 2597 21
860 2573 1013 2605 excedentis]
1034 2575 1145 2598 decentis
1166 2575 1188 2597 Α
1299 2574 1331 2598 22
1351 2574 1460 2607 nullum]
1482 2575 1546 2599 nulli
1566 2575 1614 2604 ΕΙ,
1633 2583 1722 2598 uerum
1741 2574 1782 2598 E'·‘
1853 2573 2003 2606 innocentis]
2017 2573 2105 2603 BHG,

466 2615 521 2648 lutis
541 2616 579 2643 D,
607 2617 735 2640 innocenti
755 2616 922 2640 ZXKEFIA
1003 2617 1157 2648 contingerit
1176 2617 1226 2642 Ba,
1250 2618 1375 2648 contingit
1394 2617 1421 2640 F
1526 2616 1558 2641 ‘23
1577 2616 1689 2649 purgari]
1710 2617 1804 2649 priuari
1825 2617 1853 2641 K
1929 2622 2015 2641 nostra
2034 2615 2102 2648 uere]

463 2668 521 2683 uere
541 2668 565 2683 11.
586 2659 658 2683 HGI
721 2659 804 2691 gladio
819 2659 846 2682 N
942 2658 974 2683 ⁴24
994 2660 1109 2691 peruenit
1122 2660 1155 2683 II
1210 2669 1398 2684 commonemus
1413 2659 1465 2683 EF
1524 2660 1609 2692 placiti
1623 2660 1662 2683 Ε1
1761 2659 1793 2684 27
1813 2660 1954 2692 principum
1970 2659 2002 2683 II
2056 2660 2104 2683 sibi

464 2703 528 2732 (sibe
549 2702 574 2725 Ι)
583 2702 599 2728 1)
623 2701 694 2734 aest]
723 2706 783 2726 aest,
808 2703 855 2726 sibi
876 2703 941 2729 NK„
968 2707 1029 2726 aest.
1049 2702 1123 2726 Has
1241 2702 1274 2727 ‘28
1294 2704 1434 2727 iudicamus
1455 2703 1487 2726 II
1569 2707 1597 2726 ut
1619 2701 1658 2734 eo]
1685 2702 1710 2726 iu
1730 2711 1758 2726 eo
1777 2703 1816 2726 Β1
1939 2701 1972 2726 30
1990 2701 2103 2734 grauius]

463 2746 543 2777 magis
562 2745 636 2769 HG]
710 2749 855 2769 crassantur
875 2745 901 2769 F
1010 2745 1043 2769 32
1062 2750 1204 2770 nostrorum
1224 2745 1326 2778 delicta]
1352 2747 1449 2778 scripsi,
1468 2751 1553 2770 nostro
1571 2754 1629 2769 eum
1648 2746 1740 2770 delicta
1760 2746 1860 2775 DBE¹,
1885 2750 1969 2770 nostro
1988 2754 2045 2769 011111
2064 2746 2105 2769 de-

463 2788 522 2812 licto
542 2788 657 2815 ZK¹E².
685 2792 770 2812 nostro
803 2797 860 2812 cum
889 2789 979 2812 delicto
999 2788 1035 2817 N,
1068 2792 1153 2812 nostro
1181 2794 1334 2813 (nostrorum
1355 2789 1404 2814 F¹l
1438 2797 1501 2813 aeno
1529 2789 1620 2813 delicta
1646 2788 1717 2812 K²F
1800 2787 1914 2821 primam]
1944 2789 2052 2820 primam
2077 2789 2105 2818 Z,

464 2831 543 2863 primo
555 2831 687 2861 NKHGI,
700 2832 809 2863 primum
822 2831 868 2855 FA
881 2831 1047 2863 prolasrhiliter
1100 2840 1157 2855 nOX.
1171 2833 1360 2863 persuasionem
1372 2831 1440 2861 X¹L
1453 2840 1497 2863 per
1510 2832 1610 2855 noxiam
1625 2832 1761 2856 iussionem
1774 2833 1796 2856 (τ’
1803 2836 1824 2861 ³,
1837 2832 1939 2856 noxiam
1953 2832 2067 2856 usiouem
2078 2831 2109 2855 H
