2279 3261
436 728 459 745 lU

437 1166 459 1184 15

436 1940 460 1957 30

478 174 539 203 360
1195 171 1405 198 CASSIODORI

478 258 624 289 torianae
656 258 743 289 sedis
774 261 902 300 portare
934 258 1088 292 crederis.
1120 258 1223 299 ipsam
1252 258 1489 299 quodammodo
1517 261 1712 300 potestatem
1741 259 1939 290 reverendus
1968 259 2122 290 adsumis.

477 309 585 341 edicta
609 313 720 341 nostra
744 314 777 340 tu
803 310 922 351 primus
947 310 1099 340 observa:
1124 309 1259 340 ostende
1284 309 1402 340 bonam
1428 313 1459 341 te
1477 309 1719 341 intendentibus
1741 310 1836 341 viam.
1875 321 1948 341 nam
1967 311 2058 342 cuius
2076 315 2125 342 est

478 361 592 392 iudicis
618 361 781 392 custodire
806 360 971 396 mandata.
1001 361 1027 392 si
1050 360 1170 392 milites
1195 364 1307 392 nostra
1331 361 1501 392 videantur
1525 361 1700 402 neglegere
1725 362 1917 393 constituta?
1963 361 2124 403 Reginam

477 412 565 442 illam
591 413 775 454 procacium
801 412 951 442 vitiorum
976 413 1145 443 avaritiam
1166 412 1254 453 fuge,
1279 413 1329 443 0111
1347 415 1463 443 cuncta
1481 412 1613 443 erimina
1630 412 1814 444 detestabili
1831 413 2003 444 devotione
2020 413 2123 445 famu-

478 464 599 494 lantur:
633 475 715 505 quae
740 464 816 494 dnm
840 467 954 505 pectus
979 464 1119 495 hominis
1144 465 1293 505 ingressa
1316 464 1426 501 fuerit,
1451 464 1610 505 gregatim
1634 474 1761 505 quoque
1785 464 1949 496 maleficas
1974 465 2124 496 cohortes

477 515 627 546 admittit.
674 515 750 546 ferri
773 526 837 546 non
862 519 970 557 potest
993 519 1139 557 recepta⁷
1165 516 1239 557 quia
1261 516 1366 547 nescit
1391 526 1462 547 esse
1488 516 1639 546 solitaria.
1686 526 1803 556 agmen
1828 516 1927 547 habet
1951 516 2125 548 blandissi-

477 577 580 605 mum7
613 577 703 597 arma
734 567 869 608 suscipit
898 578 938 598 ex
968 567 1098 598 talentis
1130 570 1162 598 et
1193 578 1250 609 per
1280 567 1486 598 dulcedinem
1518 570 1650 608 superat
1681 577 1759 608 quos
1793 578 1902 598 amara
1934 567 2125 610 deceptione

478 618 629 659 captivat.
675 618 810 659 proinde
840 618 880 649 ad
910 619 1067 650 utilitates
1099 619 1246 660 publicas
1278 622 1347 650 esto
1377 619 1549 650 sollicitus:
1588 619 1731 649 iniuncta
1762 619 1876 650 morali
1906 619 2125 661 compulsione

479 679 626 710 procura.
677 670 749 711 plus
779 671 846 711 agit
875 671 1054 701 inculcator
1084 671 1216 701 rationis
1247 681 1341 711 quam
1371 671 1471 712 possit
1500 681 1655 701 exercere
1688 670 1851 701 terribilis.
1904 681 2041 712 persona
2071 674 2126 702 tua

478 721 638 762 refugium
665 721 706 751 sit
723 732 889 762 oppresso7
914 722 1032 752 infirmi
1049 721 1204 758 defensio.
1229 722 1427 763 praesidium
1445 722 1553 763 aliqua
1571 722 1755 753 calamitate
1775 722 1936 753 concluso.
1977 722 2022 753 sic
2040 723 2125 753 enim

478 772 606 813 proprie
630 775 759 804 nostros
784 773 947 804 cancellos
973 773 1079 815 agitis,
1105 774 1131 804 si
1154 773 1315 805 laesorum
1342 774 1440 815 impia
1464 773 1604 804 claustra
1630 773 1773 804 solvatis

1282 919 1324 949 ΙΙ,

862 986 1104 1018 UNIVERSIS
1134 986 1367 1017 IUDICIBUS
1396 986 1745 1018 PROVINCIARUM

1140 1038 1348 1069 SENATOR
1372 1032 1467 1070 Ρ-Ρό·
1780 1067 1810 1086 ιι.
1828 1057 1889 1087 534
1912 1058 1985 1087 ante
2008 1056 2089 1095 Sept.
2108 1058 2126 1087 1

583 1106 712 1137 Gratias
737 1107 896 1137 divinitati
921 1107 1038 1141 refero,
1063 1107 1139 1148 quia
1164 1110 1195 1138 et
1217 1107 1431 1148 provinciales
1448 1107 1597 1138 fecerunt
1615 1118 1696 1148 quae
1715 1108 1823 1138 monui
1841 1111 1873 1139 et
1890 1118 1951 1149 ego
1969 1108 2126 1149 complevi

480 1159 586 1189 omnia
610 1169 692 1199 quae
716 1159 859 1199 promisi.
899 1169 971 1189 nam
997 1169 1055 1189 nec
1081 1169 1130 1189 me
1155 1159 1255 1190 sensit
1279 1159 1448 1200 quisquam
1474 1159 1582 1200 aliqua
1605 1160 1782 1190 venalitate
1806 1159 1965 1201 pollutum
1989 1169 2048 1190 nec
2065 1169 2125 1201 ego

480 1210 596 1252 pertuli
630 1210 818 1241 tributarios
852 1210 1030 1240 indevotos.
1083 1210 1241 1241 habemus
1272 1210 1434 1252 utrimque
1466 1210 1550 1252 quod
1582 1211 1612 1241 in
1644 1211 1736 1242 nobis
1769 1210 1904 1252 diligere
1935 1210 2126 1242 debeamus:

478 1262 524 1292 illi
552 1265 743 1303 repererunt
774 1262 968 1293 affectuosos
994 1261 1128 1295 iudices,
1163 1273 1221 1293 nos
1246 1262 1477 1303 adquisivimus
1502 1263 1729 1303 integerrimos
1754 1272 1944 1304 praecones.
1990 1273 2126 1303 agamus

479 1314 588 1355 itaque
612 1313 672 1344 deo
696 1318 884 1355 praestante
909 1313 994 1355 quod
1019 1314 1194 1355 coepimus
1234 1324 1404 1355 possessor
1429 1313 1506 1344 mihi
1530 1314 1677 1355 publicas
1700 1313 1856 1355 pecunias
1872 1313 1978 1345 libens
1995 1313 2125 1344 inferat:

479 1376 539 1406 ego
573 1365 620 1396 illi
656 1365 687 1395 in
723 1369 883 1396 conventu
914 1365 1057 1396 iustitiae
1087 1365 1206 1396 tributa
1238 1366 1431 1406 persolvam.
1484 1365 1587 1396 Vobis
1619 1369 1728 1396 autem
1760 1364 1928 1396 commode
1959 1366 2127 1407 repetitur,

437 1424 448 1442 2¹
480 1417 564 1458 quod
594 1417 754 1448 veraciter
782 1420 888 1448 actum
914 1428 986 1448 esse
1012 1417 1163 1453 sentitur„
1193 1417 1320 1458 quando
1345 1417 1384 1448 de
1410 1417 1506 1448 rebus
1530 1417 1715 1459 praeteritis
1740 1428 1814 1459 spes
1839 1427 1958 1458 magna
1983 1416 2128 1448 redditur

478 1468 509 1499 in
539 1468 666 1499 futuris.
713 1469 875 1510 probastis
907 1469 1008 1505 0111111,
1039 1469 1112 1510 quia
1142 1469 1264 1500 nullum
1295 1469 1461 1510 coegimus
1494 1469 1570 1500 dare
1600 1469 1685 1510 quod
1713 1480 1775 1500 non
1808 1468 1974 1500 debuisset
1997 1469 2127 1500 offerre.

478 1530 542 1550 non
571 1520 723 1561 publicis,
755 1531 817 1551 11011
847 1521 981 1562 privatis
1010 1531 1029 1551 a
1052 1531 1103 1551 me
1129 1521 1299 1562 quisquam
1323 1520 1449 1552 damnis
1474 1521 1612 1552 afflictus
1637 1525 1696 1552 est.
1743 1521 1964 1552 discussorum
1988 1523 2127 1552 terrores

478 1571 613 1602 fecimus
638 1572 791 1613 ignorari.
837 1583 896 1603 nee
922 1572 1180 1603 extraordinaria
1205 1572 1434 1613 quaesivimus,
1459 1572 1513 1614 qui
1538 1575 1655 1603 cuncta
1678 1573 1747 1614 geri
1771 1572 1899 1613 legibus
1924 1572 2127 1614 optabamus.

479 1622 536 1654 sed
566 1634 625 1654 nec
655 1634 711 1654 vos
742 1624 811 1654 sitis
842 1624 873 1654 in
903 1635 941 1655 ea
963 1628 1056 1665 parte
1081 1624 1265 1655 dissimiles.
1312 1625 1478 1666 praesules
1503 1625 1684 1656 imitatores
1709 1635 1782 1655 esse
1808 1624 1974 1665 dignitatis
1997 1627 2128 1656 nostrae

435 1682 446 1699 2⁷
478 1675 548 1706 iura
576 1676 761 1713 voluerunt7
793 1676 908 1717 quibus
937 1686 1040 1717 paene
1070 1676 1205 1707 eandem
1237 1687 1332 1717 quam
1364 1677 1455 1707 nobis
1485 1676 1737 1706 iurisdictionem
1767 1685 1823 1716 per
1847 1676 2026 1717 provincias
2050 1687 2126 1707 con-

478 1727 632 1758 tulerunt.
678 1727 810 1758 Nullum
839 1727 989 1769 repudiat
1013 1728 1175 1768 sequenda
1199 1728 1334 1758 iustitia:
1367 1738 1478 1758 omnes
1505 1728 1672 1765 clarificat.
1703 1738 1783 1769 quos
1808 1727 1857 1757 sui
1880 1728 2127 1769 participatione

477 1778 642 1810 sublimat:
677 1779 834 1810 minorem
867 1790 899 1810 se
932 1779 985 1810 illc
1017 1779 1102 1810 solus
1133 1779 1225 1815 facit,
1259 1779 1312 1820 qui
1343 1779 1383 1810 ab
1416 1780 1486 1821 ipsa
1516 1779 1712 1812 discesserit.
1760 1789 1816 1810 cur
1843 1779 2022 1821 accipiendi
2053 1783 2129 1811 vota

478 1833 660 1861 sectemur?
703 1831 824 1861 nullam
848 1831 983 1871 gloriam
1009 1831 1121 1872 recipit
1146 1831 1199 1872 qui
1223 1830 1312 1862 dives
1338 1835 1483 1862 vocatur:
1510 1834 1622 1862 contra
1646 1831 1732 1862 omni
1756 1830 1852 1862 laude
1877 1830 2050 1862 decoratur
2073 1832 2128 1873 qui

480 1882 583 1913 iustus
613 1882 758 1913 edicitur.
807 1882 1028 1914 desideremus
1057 1883 1166 1924 potius
1199 1882 1284 1924 quod
1317 1893 1376 1913 nos
1407 1883 1614 1924 pretiosiores
1643 1882 1858 1924 locupletibus
1889 1882 1976 1913 facit.
2022 1883 2127 1914 fasces

479 1934 671 1975 accipimus,
708 1938 743 1964 ut
777 1945 892 1975 graves
928 1945 999 1965 esse
1029 1934 1219 1965 debeamus:
1255 1934 1430 1965 tribunalia
1460 1934 1724 1970 conscendimus,
1759 1937 1794 1964 ut
1822 1944 1945 1965 morum
1974 1935 2127 1976 gradibus

480 1985 666 2016 evehamur.
712 1985 765 2016 Nil
794 1987 873 2023 vile,
907 1987 950 2016 nil
983 1986 1133 2028 cupidum
1162 1985 1284 2016 iudices
1314 1985 1418 2017 decet.
1464 1987 1567 2017 claras
1599 1987 1684 2018 enim
1710 1996 1785 2017 suas
1810 1986 1954 2016 maculas
1979 1985 2128 2025 reddunt,

480 2037 507 2067 si
530 2037 576 2068 illi
600 2037 639 2067 ad
664 2047 743 2078 quos
768 2038 860 2068 multi
885 2038 1063 2079 respiciunt
1087 2038 1196 2079 aliqua
1220 2038 1475 2080 reprehensione
1501 2038 1701 2070 sordescunt.
1743 2038 1884 2079 alioquin
1909 2037 2043 2079 expedit
2064 2048 2128 2069 non

480 2088 581 2120 videri
609 2099 704 2129 quam
734 2093 922 2120 cunctorum
952 2090 1100 2120 irrisione
1126 2089 1255 2130 signari.
1302 2100 1412 2121 omnes
1438 2100 1529 2131 ergo,
1563 2090 1617 2131 qui
1642 2089 1839 2131 gremiorum
1864 2090 1953 2120 celsa
1976 2089 2127 2131 petimus,

583 2209 855 2241 BZNKE(F)H(GI)

584 2287 597 2311 1
617 2287 776 2312 referendum
797 2287 848 2311 HG
923 2286 1046 2319 adsumis]
1066 2288 1164 2312 accedis
1183 2288 1292 2312 assumis
1312 2288 1338 2311 Ν
1449 2286 1465 2311 *2
1483 2292 1511 2312 tu
1530 2288 1600 2320 prins
1621 2288 1654 2318 K,
1673 2288 1787 2320 inprimis
1806 2288 1829 2311 A
1899 2286 1933 2320 te]
1953 2288 2041 2312 malim
2059 2289 2086 2313 111
2104 2292 2128 2313 te

479 2329 495 2354 3
514 2328 651 2361 custodire]
680 2331 814 2354 obsemare
834 2330 907 2354 HG]
1026 2329 1042 2354 4
1061 2329 1217 2362 procacium]
1247 2331 1288 2354 uel
1312 2339 1391 2362 prono
1410 2338 1535 2362 super-scr.
1556 2330 1605 2361 E²,
1633 2331 1834 2363 prouocatricem
1854 2331 1881 2355 F
1964 2331 2006 2356 cui
2025 2330 2127 2363 cuncta]

480 2374 610 2398 ealcancia
630 2373 670 2397 ,Ει
762 2372 878 2404 crimina]
907 2375 969 2398 uitia
991 2373 1065 2397 IIGI
1153 2374 1183 2397 (le
1202 2374 1287 2398 stabili
1310 2373 1331 2397 Β
1457 2373 1473 2398 5
1493 2372 1629 2405 maleficas]
1651 2374 1753 2404 HGIW7
1780 2374 1907 2398 maleficos
1927 2374 1970 2404 IP,
1996 2374 2128 2399 malefidas

478 2417 569 2448 <reliqui
639 2417 754 2441 cohortes
774 2425 820 2440 01η.
842 2417 874 2440 H
878 2417 885 2430 ¹
985 2416 1000 2441 6
1021 2418 1084 2440 serre
1104 2416 1135 2447 B,
1154 2417 1207 2440 fieri
1228 2416 1301 2440 HG]
1362 2421 1443 2448 potest
1462 2425 1509 2440 om.
1529 2416 1554 2440 Z
1648 2415 1665 2441 8
1684 2415 1807 2449 captiuat]
1829 2417 1968 2449 facaptinat
1986 2417 2030 2440 Na
2091 2418 2128 2442 in-

482 2458 578 2491 iuncta]
598 2460 693 2484 inuicta
712 2458 754 2482 B²
845 2458 876 2483 lO
896 2461 1024 2492 oppressio
1044 2460 1076 2483 H
1160 2459 1191 2484 14
1210 2465 1234 2484 et
1253 2459 1381 2484 om.F1w
1435 2458 1559 2492 fecerunt]
1579 2461 1692 2484 referunt
1712 2460 1829 2490 HGUW,
1848 2464 1963 2485 reserant
1976 2461 2009 2484 IP
2062 2469 2128 2485 eom-

481 2503 536 2535 pleo
556 2502 610 2526 EF
718 2501 750 2526 15
769 2503 854 2527 onmia
873 2512 918 2526 om.
940 2503 993 2527 EF
1070 2504 1150 2534 quisq.
1171 2503 1249 2527 sensit
1269 2503 1356 2527 <sentit
1376 2502 1428 2528 Ba)
1448 2502 1472 2526 B
1589 2502 1620 2527 16
1639 2502 1775 2535 utrimque]
1796 2503 1900 2534 BHGJ,
1918 2504 2019 2535 utrique
2038 2504 2129 2535 reliqui

483 2545 512 2570 17
531 2546 674 2570 afl'ecti0s‹·s
689 2544 738 2568 BZ
824 2544 854 2569 19
873 2544 1012 2577 conuentu]
1028 2546 1105 2573 HGI,
1124 2551 1267 2570 conuentus
1279 2546 1371 2577 reliqui
1424 2550 1509 2570 autem
1524 2545 1662 2578 commode]
1681 2547 1840 2570 accommode
1852 2546 1880 2570 K
1964 2545 1997 2570 20
2015 2545 2127 2579 quando]

480 2589 602 2620 quoniam
615 2588 637 2611 A
715 2587 817 2620 magna]
838 2589 949 2613 maxima
964 2589 992 2613 F
1098 2588 1127 2613 21
1149 2598 1198 2613 11011
1218 2598 1265 2613 om.
1280 2588 1354 2612 HGa
1424 2587 1561 2620 debuisset]
1581 2589 1710 2613 habuisset
1724 2589 1748 2613 B
1857 2588 1890 2613 22
1908 2590 2035 2614 discorum
2049 2589 2128 2619 HG³‚

481 2632 633 2656 discolorum
648 2631 671 2660 J,
690 2632 828 2663 priscorum
845 2630 886 2655 Gb
975 2632 1008 2656 23
1027 2633 1135 2665 legimus
1146 2633 1177 2656 H
1227 2637 1344 2665 optamus
1361 2633 1387 2656 Κ
1471 2632 1504 2657 24
1523 2634 1591 2657 scitis
1606 2633 1640 2659 K,
1657 2634 1767 2663 fortasse
1781 2637 1852 2663 recte,
1872 2642 1920 2658 om.
1931 2633 2005 2658 HGI
2050 2634 2075 2658 in
2089 2633 2126 2666 ea]

481 2684 535 2699 mea
554 2674 615 2705 BH,
634 2676 659 2699 111
679 2675 766 2706 aliqua
785 2674 812 2698 F
913 2674 945 2699 27
966 2676 1079 2700 discessit
1101 2676 1122 2699 A
1199 2680 1259 2700 uota
1279 2685 1326 2700 om.
1347 2677 1369 2700 Α
1479 2675 1512 2700 28
1530 2680 1656 2700 sectamur
1675 2675 1751 2705 E1F,
1769 2678 1878 2700 fatemur
1897 2676 1930 2706 N,
1948 2680 2063 2701 serentur
2084 2676 2129 2706 Gt,

481 2722 591 2743 serretur
609 2718 642 2742 H
715 2722 802 2742 contra
820 2718 855 2742 ad
874 2717 906 2742 29
925 2718 1032 2742 edicitur
1051 2727 1097 2742 om.
1119 2719 1141 2742 A
1255 2718 1288 2743 *29
1308 2728 1353 2743 nos
1372 2728 1419 2743 om..
1440 2719 1510 2744 HG]
1588 2719 1665 2743 faeiat
1684 2718 1728 2742 Na
1841 2718 1875 2743 30
1893 2719 2053 2744 ascendimus
2073 2719 2128 2750 ΖΝ,

480 2761 673 2786 conscendimur
687 2761 719 2785 H
805 2759 838 2785 32
856 2761 1001 2785 sordescant
1016 2761 1087 2785 KG]
1143 2762 1236 2793 alioqui
1251 2762 1283 2792 A,
1302 2762 1438 2794 aliquando
1451 2761 1478 2786 Ε
1483 2762 1566 2786 ²HG1
1659 2760 1692 2785 33
1710 2760 1813 2794 signari]
1834 2762 1929 2786 seruari
1943 2761 1969 2786 E
1975 2762 2013 2786 ¹F
2068 2770 2127 2795 ergo

480 2813 527 2829 om.
548 2804 643 2828 NFG³³⁴
712 2801 875 2836 gremiorum]
896 2805 1063 2836 praemiorum
1084 2803 1106 2827 A
