<?xml version="1.0" encoding="UTF-8"?>
<!DOCTYPE html PUBLIC "-//W3C//DTD XHTML 1.0 Transitional//EN"
    "http://www.w3.org/TR/xhtml1/DTD/xhtml1-transitional.dtd">
<html xmlns="http://www.w3.org/1999/xhtml" xml:lang="en" lang="en">
 <head>
  <title>
</title>
<meta http-equiv="Content-Type" content="text/html;charset=utf-8" />
  <meta name='ocr-system' content='tesseract 3.04.00' />
  <meta name='ocr-capabilities' content='ocr_page ocr_carea ocr_par ocr_line ocrx_word'/>
</head>
<body>
  <div class='ocr_page' id='page_1' title='image "./cassiodorisenato00cass_0042.png"; bbox 0 0 2279 3261; ppageno 0'>
   <div class='ocr_carea' id='block_1_1' title="bbox 425 189 1355 221">
    <p class='ocr_par' dir='ltr' id='par_1_1' title="bbox 425 189 1355 221">
     <span class='ocr_line' id='line_1_1' title="bbox 425 189 1355 221; baseline -0.002 0"><span class='ocrx_word' id='word_1_1' title='bbox 425 193 542 221; x_wconf 86' lang='lat' dir='ltr'>XXXVI</span> <span class='ocrx_word' id='word_1_2' title='bbox 1128 189 1355 219; x_wconf 86' lang='lat' dir='ltr'>PROOEMIVM.</span> 
     </span>
    </p>
   </div>
   <div class='ocr_carea' id='block_1_2' title="bbox 530 285 2071 330">
    <p class='ocr_par' dir='ltr' id='par_1_2' title="bbox 530 285 2071 330">
     <span class='ocr_line' id='line_1_2' title="bbox 530 285 2071 330; baseline 0 -11"><span class='ocrx_word' id='word_1_3' title='bbox 530 287 585 321; x_wconf 88' lang='lat' dir='ltr'>IV</span> <span class='ocrx_word' id='word_1_4' title='bbox 610 289 658 319; x_wconf 88' lang='grc'>16.</span> <span class='ocrx_word' id='word_1_5' title='bbox 702 287 874 328; x_wconf 86' lang='lat' dir='ltr'>Arigernus</span> <span class='ocrx_word' id='word_1_6' title='bbox 904 297 941 317; x_wconf 85' lang='lat' dir='ltr'>ex</span> <span class='ocrx_word' id='word_1_7' title='bbox 966 286 1089 318; x_wconf 82' lang='lat' dir='ltr'>Gallica</span> <span class='ocrx_word' id='word_1_8' title='bbox 1117 286 1315 329; x_wconf 76' lang='lat' dir='ltr'>expeditione</span> <span class='ocrx_word' id='word_1_9' title='bbox 1341 297 1483 319; x_wconf 84' lang='lat' dir='ltr'>reversus</span> <span class='ocrx_word' id='word_1_10' title='bbox 1511 285 1581 318; x_wconf 87' lang='lat' dir='ltr'>urbi</span> <span class='ocrx_word' id='word_1_11' title='bbox 1604 286 1724 319; x_wconf 86' lang='lat' dir='ltr'>Romae</span> <span class='ocrx_word' id='word_1_12' title='bbox 1751 298 1858 319; x_wconf 85' lang='lat' dir='ltr'>rursus</span> <span class='ocrx_word' id='word_1_13' title='bbox 1885 287 2071 330; x_wconf 84' lang='lat' dir='ltr'>praeficitur,</span> 
     </span>
    </p>
   </div>
   <div class='ocr_carea' id='block_1_3' title="bbox 423 348 1618 380">
    <p class='ocr_par' dir='ltr' id='par_1_3' title="bbox 423 348 1618 380">
     <span class='ocr_line' id='line_1_3' title="bbox 423 348 1618 380; baseline -0.003 -1"><span class='ocrx_word' id='word_1_14' title='bbox 423 352 502 379; x_wconf 88' lang='lat' dir='ltr'>certe</span> <span class='ocrx_word' id='word_1_15' title='bbox 524 358 587 379; x_wconf 91' lang='lat' dir='ltr'>non</span> <span class='ocrx_word' id='word_1_16' title='bbox 610 352 680 379; x_wconf 83' lang='lat' dir='ltr'>ante</span> <span class='ocrx_word' id='word_1_17' title='bbox 703 359 729 378; x_wconf 85' lang='lat' dir='ltr'>a.</span> <span class='ocrx_word' id='word_1_18' title='bbox 746 348 818 380; x_wconf 85' lang='grc'><strong>509.</strong></span> <span class='ocrx_word' id='word_1_19' title='bbox 1602 361 1618 363; x_wconf 31' lang='grc' dir='ltr'><em>ν</em></span> 
     </span>
    </p>
   </div>
   <div class='ocr_carea' id='block_1_4' title="bbox 530 465 1635 510">
    <p class='ocr_par' dir='ltr' id='par_1_4' title="bbox 530 465 1635 510">
     <span class='ocr_line' id='line_1_4' title="bbox 530 465 1635 510; baseline 0.001 -11"><span class='ocrx_word' id='word_1_20' title='bbox 530 466 565 499; x_wconf 89' lang='lat' dir='ltr'>V</span> <span class='ocrx_word' id='word_1_21' title='bbox 592 468 639 498; x_wconf 90' lang='grc'><strong>10.</strong></span> <span class='ocrx_word' id='word_1_22' title='bbox 659 467 705 497; x_wconf 93' lang='grc'><strong>11.</strong></span> <span class='ocrx_word' id='word_1_23' title='bbox 750 466 800 497; x_wconf 92' lang='lat' dir='ltr'>De</span> <span class='ocrx_word' id='word_1_24' title='bbox 823 465 987 498; x_wconf 87' lang='lat' dir='ltr'>Gallicana</span> <span class='ocrx_word' id='word_1_25' title='bbox 1011 466 1069 498; x_wconf 89' lang='lat' dir='ltr'>hac</span> <span class='ocrx_word' id='word_1_26' title='bbox 1092 467 1289 510; x_wconf 85' lang='lat' dir='ltr'>expeditione</span> <span class='ocrx_word' id='word_1_27' title='bbox 1311 466 1384 500; x_wconf 88' lang='lat' dir='ltr'>vide</span> <span class='ocrx_word' id='word_1_28' title='bbox 1407 466 1446 498; x_wconf 89' lang='lat' dir='ltr'>ad</span> <span class='ocrx_word' id='word_1_29' title='bbox 1470 467 1562 501; x_wconf 87' lang='lat' dir='ltr'>VIII</span> <span class='ocrx_word' id='word_1_30' title='bbox 1587 469 1635 500; x_wconf 89' lang='grc'>10.</span> 
     </span>
    </p>
   </div>
   <div class='ocr_carea' id='block_1_5' title="bbox 418 586 2072 932">
    <p class='ocr_par' dir='ltr' id='par_1_5' title="bbox 418 586 2072 932">
     <span class='ocr_line' id='line_1_5' title="bbox 529 586 2072 631; baseline 0.001 -12"><span class='ocrx_word' id='word_1_31' title='bbox 529 586 563 619; x_wconf 88' lang='lat' dir='ltr'>V</span> <span class='ocrx_word' id='word_1_32' title='bbox 584 588 631 619; x_wconf 90' lang='lat'>16.</span> <span class='ocrx_word' id='word_1_33' title='bbox 656 587 704 618; x_wconf 84' lang='lat'>17.</span> <span class='ocrx_word' id='word_1_34' title='bbox 732 587 778 618; x_wconf 84' lang='lat'>18.</span> <span class='ocrx_word' id='word_1_35' title='bbox 802 587 849 618; x_wconf 87' lang='grc'>19.</span> <span class='ocrx_word' id='word_1_36' title='bbox 870 588 920 619; x_wconf 87' lang='lat'>20.</span> <span class='ocrx_word' id='word_1_37' title='bbox 964 587 1014 618; x_wconf 92' lang='lat' dir='ltr'>De</span> <span class='ocrx_word' id='word_1_38' title='bbox 1043 588 1142 620; x_wconf 84' lang='lat' dir='ltr'>classe</span> <span class='ocrx_word' id='word_1_39' title='bbox 1169 588 1309 631; x_wconf 86' lang='lat' dir='ltr'>paranda</span> <span class='ocrx_word' id='word_1_40' title='bbox 1335 600 1414 631; x_wconf 88' lang='lat' dir='ltr'>quae</span> <span class='ocrx_word' id='word_1_41' title='bbox 1437 588 1488 620; x_wconf 84' lang='lat' dir='ltr'>hic</span> <span class='ocrx_word' id='word_1_42' title='bbox 1515 588 1712 628; x_wconf 74' lang='lat' dir='ltr'>ordinantur,</span> <span class='ocrx_word' id='word_1_43' title='bbox 1741 588 1955 631; x_wconf 88' lang='lat' dir='ltr'>componenda</span> <span class='ocrx_word' id='word_1_44' title='bbox 1982 593 2072 620; x_wconf 88' lang='lat' dir='ltr'>erunt</span> 
     </span>
     <span class='ocr_line' id='line_1_6' title="bbox 421 647 2072 692; baseline 0.002 -15"><span class='ocrx_word' id='word_1_45' title='bbox 421 659 490 680; x_wconf 83' lang='lat' dir='ltr'>cum</span> <span class='ocrx_word' id='word_1_46' title='bbox 514 647 689 680; x_wconf 79' lang='lat' dir='ltr'>narratione</span> <span class='ocrx_word' id='word_1_47' title='bbox 712 647 859 690; x_wconf 81' lang='lat' dir='ltr'>Procopii</span> <span class='ocrx_word' id='word_1_48' title='bbox 882 648 952 679; x_wconf 85' lang='lat' dir='ltr'>bell.</span> <span class='ocrx_word' id='word_1_49' title='bbox 974 648 1076 681; x_wconf 89' lang='lat' dir='ltr'>Vand.</span> <span class='ocrx_word' id='word_1_50' title='bbox 1099 649 1125 688; x_wconf 87' lang='lat' dir='ltr'>I,</span> <span class='ocrx_word' id='word_1_51' title='bbox 1149 651 1168 681; x_wconf 79' lang='lat'>9</span> <span class='ocrx_word' id='word_1_52' title='bbox 1191 649 1417 681; x_wconf 84' lang='lat' dir='ltr'>Theodericum</span> <span class='ocrx_word' id='word_1_53' title='bbox 1446 650 1554 681; x_wconf 90' lang='lat' dir='ltr'>nuntio</span> <span class='ocrx_word' id='word_1_54' title='bbox 1583 649 1687 680; x_wconf 84' lang='lat' dir='ltr'>adlato</span> <span class='ocrx_word' id='word_1_55' title='bbox 1710 648 1749 680; x_wconf 90' lang='lat' dir='ltr'>de</span> <span class='ocrx_word' id='word_1_56' title='bbox 1772 649 1858 681; x_wconf 81' lang='lat' dir='ltr'>obitu</span> <span class='ocrx_word' id='word_1_57' title='bbox 1881 649 1961 692; x_wconf 78' lang='lat' dir='ltr'>regis</span> <span class='ocrx_word' id='word_1_58' title='bbox 1981 649 2072 682; x_wconf 86' lang='lat' dir='ltr'>Van-</span> 
     </span>
     <span class='ocr_line' id='line_1_7' title="bbox 420 708 2072 750; baseline 0.002 -12"><span class='ocrx_word' id='word_1_59' title='bbox 420 708 561 740; x_wconf 80' lang='lat' dir='ltr'>dalorum</span> <span class='ocrx_word' id='word_1_60' title='bbox 584 708 802 747; x_wconf 86' lang='lat' dir='ltr'>Trasamundi,</span> <span class='ocrx_word' id='word_1_61' title='bbox 826 708 879 750; x_wconf 89' lang='lat' dir='ltr'>qui</span> <span class='ocrx_word' id='word_1_62' title='bbox 902 709 1007 741; x_wconf 85' lang='lat' dir='ltr'>evenit</span> <span class='ocrx_word' id='word_1_63' title='bbox 1029 721 1055 741; x_wconf 87' lang='lat' dir='ltr'>a.</span> <span class='ocrx_word' id='word_1_64' title='bbox 1072 711 1143 749; x_wconf 81' lang='lat'>523,</span> <span class='ocrx_word' id='word_1_65' title='bbox 1167 714 1196 741; x_wconf 90' lang='lat' dir='ltr'>et</span> <span class='ocrx_word' id='word_1_66' title='bbox 1219 710 1257 741; x_wconf 87' lang='lat' dir='ltr'>de</span> <span class='ocrx_word' id='word_1_67' title='bbox 1279 710 1372 742; x_wconf 86' lang='lat' dir='ltr'>caede</span> <span class='ocrx_word' id='word_1_68' title='bbox 1396 711 1501 742; x_wconf 64' lang='lat' dir='ltr'>luroris</span> <span class='ocrx_word' id='word_1_69' title='bbox 1525 710 1599 748; x_wconf 88' lang='lat' dir='ltr'>eius,</span> <span class='ocrx_word' id='word_1_70' title='bbox 1623 710 1737 741; x_wconf 86' lang='lat' dir='ltr'>sororis</span> <span class='ocrx_word' id='word_1_71' title='bbox 1761 721 1834 741; x_wconf 86' lang='lat' dir='ltr'>suae</span> <span class='ocrx_word' id='word_1_72' title='bbox 1853 709 2072 742; x_wconf 86' lang='lat' dir='ltr'>Amalafredae</span> 
     </span>
     <span class='ocr_line' id='line_1_8' title="bbox 419 766 2070 812; baseline 0.001 -12"><span class='ocrx_word' id='word_1_73' title='bbox 419 770 458 801; x_wconf 83' lang='lat' dir='ltr'>ab</span> <span class='ocrx_word' id='word_1_74' title='bbox 482 770 598 801; x_wconf 83' lang='lat' dir='ltr'>ultione</span> <span class='ocrx_word' id='word_1_75' title='bbox 622 769 791 808; x_wconf 81' lang='lat' dir='ltr'>destitisse,</span> <span class='ocrx_word' id='word_1_76' title='bbox 815 781 885 801; x_wconf 90' lang='lat' dir='ltr'>cum</span> <span class='ocrx_word' id='word_1_77' title='bbox 908 771 1007 802; x_wconf 87' lang='lat' dir='ltr'>classe</span> <span class='ocrx_word' id='word_1_78' title='bbox 1031 782 1063 802; x_wconf 92' lang='lat' dir='ltr'>se</span> <span class='ocrx_word' id='word_1_79' title='bbox 1086 771 1213 803; x_wconf 85' lang='lat' dir='ltr'>destitui</span> <span class='ocrx_word' id='word_1_80' title='bbox 1237 771 1378 803; x_wconf 83' lang='lat' dir='ltr'>sentiret:</span> <span class='ocrx_word' id='word_1_81' title='bbox 1410 770 1483 803; x_wconf 75' lang='grc' dir='ltr'>ἐπεὶ</span> <span class='ocrx_word' id='word_1_82' title='bbox 1509 767 1666 809; x_wconf 79' lang='grc' dir='ltr'><em>ἀδύνατος</em></span> <span class='ocrx_word' id='word_1_83' title='bbox 1689 768 1834 811; x_wconf 75' lang='grc' dir='ltr'><em>ἐνόμισεν</em></span> <span class='ocrx_word' id='word_1_84' title='bbox 1857 766 1939 802; x_wconf 78' lang='grc' dir='ltr'><strong><em>εἶναι</em></strong></span> <span class='ocrx_word' id='word_1_85' title='bbox 1966 768 2070 812; x_wconf 78' lang='grc' dir='ltr'><strong><em>στόλῳ</em></strong></span> 
     </span>
     <span class='ocr_line' id='line_1_9' title="bbox 418 826 2072 874; baseline 0.001 -14"><span class='ocrx_word' id='word_1_86' title='bbox 418 827 547 872; x_wconf 70' lang='grc' dir='ltr'><em>μεγάλῳ</em></span> <span class='ocrx_word' id='word_1_87' title='bbox 577 828 609 868; x_wconf 72' lang='grc' dir='ltr'>ἐς</span> <span class='ocrx_word' id='word_1_88' title='bbox 631 826 760 873; x_wconf 69' lang='grc' dir='ltr'><em>Λιβύην</em></span> <span class='ocrx_word' id='word_1_89' title='bbox 784 831 989 872; x_wconf 74' lang='grc' dir='ltr'><strong>στρατεῦσαι.</strong></span> <span class='ocrx_word' id='word_1_90' title='bbox 1039 843 1101 874; x_wconf 92' lang='lat' dir='ltr'>quo</span> <span class='ocrx_word' id='word_1_91' title='bbox 1124 831 1260 863; x_wconf 86' lang='lat' dir='ltr'>alludere</span> <span class='ocrx_word' id='word_1_92' title='bbox 1284 831 1430 864; x_wconf 88' lang='lat' dir='ltr'>videntur</span> <span class='ocrx_word' id='word_1_93' title='bbox 1458 831 1553 864; x_wconf 81' lang='lat' dir='ltr'>verba</span> <span class='ocrx_word' id='word_1_94' title='bbox 1581 830 1748 873; x_wconf 83' lang='lat' dir='ltr'>epistulae:</span> <span class='ocrx_word' id='word_1_95' title='bbox 1780 841 1843 863; x_wconf 73' lang='lat' dir='ltr'>uon</span> <span class='ocrx_word' id='word_1_96' title='bbox 1871 831 1961 863; x_wconf 72' lang='lat' dir='ltr'>habet</span> <span class='ocrx_word' id='word_1_97' title='bbox 1990 830 2072 870; x_wconf 79' lang='lat' dir='ltr'>quod</span> 
     </span>
     <span class='ocr_line' id='line_1_10' title="bbox 420 890 1257 932; baseline 0.006 -13"><span class='ocrx_word' id='word_1_98' title='bbox 420 890 509 920; x_wconf 78' lang='lat' dir='ltr'>uobis</span> <span class='ocrx_word' id='word_1_99' title='bbox 531 893 589 921; x_wconf 76' lang='lat' dir='ltr'>aut</span> <span class='ocrx_word' id='word_1_100' title='bbox 616 890 758 921; x_wconf 72' lang='lat' dir='ltr'>Graecus</span> <span class='ocrx_word' id='word_1_101' title='bbox 784 891 912 930; x_wconf 72' lang='lat' dir='ltr'>imputet</span> <span class='ocrx_word' id='word_1_102' title='bbox 935 895 992 923; x_wconf 85' lang='lat' dir='ltr'>aut</span> <span class='ocrx_word' id='word_1_103' title='bbox 1015 892 1096 932; x_wconf 80' lang='lat' dir='ltr'>Afer</span> <span class='ocrx_word' id='word_1_104' title='bbox 1118 892 1257 924; x_wconf 73' lang='lat' dir='ltr'>insultet.</span> 
     </span>
    </p>
   </div>
   <div class='ocr_carea' id='block_1_6' title="bbox 527 1010 1629 1176">
    <p class='ocr_par' dir='ltr' id='par_1_6' title="bbox 527 1010 1629 1176">
     <span class='ocr_line' id='line_1_11' title="bbox 527 1010 1629 1054; baseline 0.001 -11"><span class='ocrx_word' id='word_1_105' title='bbox 527 1010 562 1043; x_wconf 65' lang='lat' dir='ltr'>&#39;V</span> <span class='ocrx_word' id='word_1_106' title='bbox 587 1012 636 1043; x_wconf 81' lang='lat'>33.</span> <span class='ocrx_word' id='word_1_107' title='bbox 681 1011 814 1054; x_wconf 80' lang='lat' dir='ltr'>Propter</span> <span class='ocrx_word' id='word_1_108' title='bbox 837 1011 1067 1054; x_wconf 83' lang='lat' dir='ltr'>expeditionem</span> <span class='ocrx_word' id='word_1_109' title='bbox 1091 1012 1286 1044; x_wconf 80' lang='lat' dir='ltr'>Gallicanam</span> <span class='ocrx_word' id='word_1_110' title='bbox 1312 1012 1385 1045; x_wconf 88' lang='lat' dir='ltr'>vide</span> <span class='ocrx_word' id='word_1_111' title='bbox 1407 1012 1447 1044; x_wconf 90' lang='lat' dir='ltr'>ad</span> <span class='ocrx_word' id='word_1_112' title='bbox 1471 1012 1562 1045; x_wconf 90' lang='lat' dir='ltr'>VIII</span> <span class='ocrx_word' id='word_1_113' title='bbox 1580 1013 1629 1044; x_wconf 91' lang='lat'>10.</span> 
     </span>
     <span class='ocr_line' id='line_1_12' title="bbox 528 1131 1499 1176; baseline 0.001 -13"><span class='ocrx_word' id='word_1_114' title='bbox 528 1131 560 1163; x_wconf 87' lang='lat' dir='ltr'>V</span> <span class='ocrx_word' id='word_1_115' title='bbox 584 1134 634 1165; x_wconf 82' lang='lat'>35.</span> <span class='ocrx_word' id='word_1_116' title='bbox 651 1133 700 1164; x_wconf 80' lang='lat'>39.</span> <span class='ocrx_word' id='word_1_117' title='bbox 746 1132 904 1175; x_wconf 81' lang='lat' dir='ltr'>Hispania</span> <span class='ocrx_word' id='word_1_118' title='bbox 926 1132 1105 1165; x_wconf 86' lang='lat' dir='ltr'>Theodosio</span> <span class='ocrx_word' id='word_1_119' title='bbox 1129 1144 1236 1176; x_wconf 88' lang='lat' dir='ltr'>parere</span> <span class='ocrx_word' id='word_1_120' title='bbox 1259 1133 1362 1176; x_wconf 86' lang='lat' dir='ltr'>coepit</span> <span class='ocrx_word' id='word_1_121' title='bbox 1385 1145 1411 1165; x_wconf 87' lang='lat' dir='ltr'>a.</span> <span class='ocrx_word' id='word_1_122' title='bbox 1428 1135 1499 1167; x_wconf 88' lang='lat'>511.</span> 
     </span>
    </p>
   </div>
   <div class='ocr_carea' id='block_1_7' title="bbox 410 1251 2073 2566">
    <p class='ocr_par' dir='ltr' id='par_1_7' title="bbox 410 1251 2073 2566">
     <span class='ocr_line' id='line_1_13' title="bbox 526 1251 2072 1296; baseline 0 -12"><span class='ocrx_word' id='word_1_123' title='bbox 526 1251 560 1284; x_wconf 87' lang='lat' dir='ltr'>V</span> <span class='ocrx_word' id='word_1_124' title='bbox 579 1253 629 1284; x_wconf 84' lang='lat'>43.</span> <span class='ocrx_word' id='word_1_125' title='bbox 651 1253 701 1284; x_wconf 91' lang='lat'>44.</span> <span class='ocrx_word' id='word_1_126' title='bbox 745 1252 981 1284; x_wconf 85' lang='lat' dir='ltr'>Trasamuudus</span> <span class='ocrx_word' id='word_1_127' title='bbox 1011 1253 1096 1296; x_wconf 88' lang='lat' dir='ltr'>apud</span> <span class='ocrx_word' id='word_1_128' title='bbox 1124 1253 1290 1286; x_wconf 85' lang='lat' dir='ltr'>Vandalos</span> <span class='ocrx_word' id='word_1_129' title='bbox 1320 1254 1463 1296; x_wconf 81' lang='lat' dir='ltr'>regnavit</span> <span class='ocrx_word' id='word_1_130' title='bbox 1493 1254 1532 1285; x_wconf 83' lang='lat' dir='ltr'>ab</span> <span class='ocrx_word' id='word_1_131' title='bbox 1561 1265 1588 1285; x_wconf 84' lang='lat' dir='ltr'>a.</span> <span class='ocrx_word' id='word_1_132' title='bbox 1612 1255 1674 1287; x_wconf 84' lang='lat'>496</span> <span class='ocrx_word' id='word_1_133' title='bbox 1705 1252 1744 1285; x_wconf 87' lang='lat' dir='ltr'>ad</span> <span class='ocrx_word' id='word_1_134' title='bbox 1773 1264 1798 1284; x_wconf 90' lang='lat' dir='ltr'>a.</span> <span class='ocrx_word' id='word_1_135' title='bbox 1821 1254 1893 1286; x_wconf 81' lang='lat'>523.</span> <span class='ocrx_word' id='word_1_136' title='bbox 1936 1263 2072 1284; x_wconf 85' lang='lat' dir='ltr'>sororem</span> 
     </span>
     <span class='ocr_line' id='line_1_14' title="bbox 418 1311 2071 1356; baseline 0.001 -14"><span class='ocrx_word' id='word_1_137' title='bbox 418 1311 602 1343; x_wconf 84' lang='lat' dir='ltr'>Theoderici</span> <span class='ocrx_word' id='word_1_138' title='bbox 619 1312 853 1344; x_wconf 86' lang='lat' dir='ltr'>Amalafredam</span> <span class='ocrx_word' id='word_1_139' title='bbox 876 1324 1004 1345; x_wconf 82' lang='lat' dir='ltr'>uxorem</span> <span class='ocrx_word' id='word_1_140' title='bbox 1026 1313 1115 1345; x_wconf 84' lang='lat' dir='ltr'>duxit</span> <span class='ocrx_word' id='word_1_141' title='bbox 1139 1326 1165 1345; x_wconf 74' lang='lat' dir='ltr'>a.</span> <span class='ocrx_word' id='word_1_142' title='bbox 1183 1316 1254 1353; x_wconf 79' lang='lat'>500,</span> <span class='ocrx_word' id='word_1_143' title='bbox 1277 1326 1348 1346; x_wconf 88' lang='lat' dir='ltr'>cum</span> <span class='ocrx_word' id='word_1_144' title='bbox 1372 1315 1452 1346; x_wconf 89' lang='lat' dir='ltr'>inter</span> <span class='ocrx_word' id='word_1_145' title='bbox 1474 1315 1540 1346; x_wconf 85' lang='lat' dir='ltr'>eius</span> <span class='ocrx_word' id='word_1_146' title='bbox 1564 1315 1636 1346; x_wconf 86' lang='lat' dir='ltr'>anni</span> <span class='ocrx_word' id='word_1_147' title='bbox 1659 1318 1748 1356; x_wconf 80' lang='lat' dir='ltr'>gesta</span> <span class='ocrx_word' id='word_1_148' title='bbox 1770 1313 1897 1356; x_wconf 83' lang='lat' dir='ltr'>nuptiae</span> <span class='ocrx_word' id='word_1_149' title='bbox 1919 1325 1972 1345; x_wconf 86' lang='lat' dir='ltr'>eae</span> <span class='ocrx_word' id='word_1_150' title='bbox 1994 1313 2071 1345; x_wconf 87' lang='lat' dir='ltr'>refe-</span> 
     </span>
     <span class='ocr_line' id='line_1_15' title="bbox 416 1372 2073 1417; baseline 0.001 -14"><span class='ocrx_word' id='word_1_151' title='bbox 416 1376 523 1403; x_wconf 82' lang='lat' dir='ltr'>rantur</span> <span class='ocrx_word' id='word_1_152' title='bbox 546 1372 629 1415; x_wconf 86' lang='lat' dir='ltr'>apud</span> <span class='ocrx_word' id='word_1_153' title='bbox 646 1373 848 1415; x_wconf 84' lang='lat' dir='ltr'>Anonymum</span> <span class='ocrx_word' id='word_1_154' title='bbox 865 1373 1070 1406; x_wconf 84' lang='lat' dir='ltr'>Valesianum</span> <span class='ocrx_word' id='word_1_155' title='bbox 1094 1386 1119 1405; x_wconf 90' lang='lat' dir='ltr'>c.</span> <span class='ocrx_word' id='word_1_156' title='bbox 1136 1376 1186 1413; x_wconf 83' lang='lat'>68,</span> <span class='ocrx_word' id='word_1_157' title='bbox 1209 1379 1239 1405; x_wconf 82' lang='lat' dir='ltr'>et</span> <span class='ocrx_word' id='word_1_158' title='bbox 1262 1374 1417 1414; x_wconf 86' lang='lat' dir='ltr'>convenit,</span> <span class='ocrx_word' id='word_1_159' title='bbox 1440 1374 1524 1417; x_wconf 89' lang='lat' dir='ltr'>quod</span> <span class='ocrx_word' id='word_1_160' title='bbox 1540 1373 1705 1405; x_wconf 90' lang='lat' dir='ltr'>Ennodius</span> <span class='ocrx_word' id='word_1_161' title='bbox 1729 1373 1898 1405; x_wconf 84' lang='lat' dir='ltr'>adfinitatis</span> <span class='ocrx_word' id='word_1_162' title='bbox 1921 1373 1987 1405; x_wconf 88' lang='lat' dir='ltr'>eius</span> <span class='ocrx_word' id='word_1_163' title='bbox 2010 1384 2073 1404; x_wconf 88' lang='lat' dir='ltr'>me-</span> 
     </span>
     <span class='ocr_line' id='line_1_16' title="bbox 419 1433 2071 1476; baseline 0.001 -13"><span class='ocrx_word' id='word_1_164' title='bbox 419 1433 509 1464; x_wconf 88' lang='lat' dir='ltr'>minit</span> <span class='ocrx_word' id='word_1_165' title='bbox 541 1433 573 1464; x_wconf 87' lang='lat' dir='ltr'>in</span> <span class='ocrx_word' id='word_1_166' title='bbox 607 1434 794 1476; x_wconf 79' lang='lat' dir='ltr'>panegyrico</span> <span class='ocrx_word' id='word_1_167' title='bbox 821 1436 868 1473; x_wconf 82' lang='lat'>13,</span> <span class='ocrx_word' id='word_1_168' title='bbox 889 1436 928 1467; x_wconf 86' lang='grc'>70</span> <span class='ocrx_word' id='word_1_169' title='bbox 953 1435 1080 1467; x_wconf 84' lang='lat' dir='ltr'>recitato</span> <span class='ocrx_word' id='word_1_170' title='bbox 1108 1435 1188 1466; x_wconf 86' lang='lat' dir='ltr'>inter</span> <span class='ocrx_word' id='word_1_171' title='bbox 1211 1447 1237 1467; x_wconf 84' lang='lat' dir='ltr'>a.</span> <span class='ocrx_word' id='word_1_172' title='bbox 1259 1437 1321 1468; x_wconf 78' lang='lat'>504</span> <span class='ocrx_word' id='word_1_173' title='bbox 1345 1441 1375 1467; x_wconf 90' lang='lat' dir='ltr'>et</span> <span class='ocrx_word' id='word_1_174' title='bbox 1399 1437 1471 1469; x_wconf 82' lang='lat'>508.</span> <span class='ocrx_word' id='word_1_175' title='bbox 1517 1435 1686 1467; x_wconf 85' lang='lat' dir='ltr'>Gesalecus</span> <span class='ocrx_word' id='word_1_176' title='bbox 1716 1434 1886 1466; x_wconf 86' lang='lat' dir='ltr'>secundum</span> <span class='ocrx_word' id='word_1_177' title='bbox 1913 1433 2071 1465; x_wconf 89' lang='lat' dir='ltr'>Isidorum</span> 
     </span>
     <span class='ocr_line' id='line_1_17' title="bbox 416 1492 2072 1538; baseline 0.001 -15"><span class='ocrx_word' id='word_1_178' title='bbox 416 1493 478 1524; x_wconf 91' lang='lat' dir='ltr'>chr.</span> <span class='ocrx_word' id='word_1_179' title='bbox 503 1492 597 1524; x_wconf 77' lang='lat' dir='ltr'>Goth.</span> <span class='ocrx_word' id='word_1_180' title='bbox 619 1505 643 1525; x_wconf 82' lang='lat' dir='ltr'>e.</span> <span class='ocrx_word' id='word_1_181' title='bbox 660 1495 700 1526; x_wconf 83' lang='lat'>37</span> <span class='ocrx_word' id='word_1_182' title='bbox 724 1494 843 1526; x_wconf 82' lang='lat' dir='ltr'>Alarici</span> <span class='ocrx_word' id='word_1_183' title='bbox 866 1495 947 1537; x_wconf 84' lang='lat' dir='ltr'>regis</span> <span class='ocrx_word' id='word_1_184' title='bbox 970 1507 1008 1527; x_wconf 83' lang='lat' dir='ltr'>ex</span> <span class='ocrx_word' id='word_1_185' title='bbox 1032 1496 1205 1527; x_wconf 82' lang='lat' dir='ltr'>concubina</span> <span class='ocrx_word' id='word_1_186' title='bbox 1228 1496 1309 1527; x_wconf 88' lang='lat' dir='ltr'>filius</span> <span class='ocrx_word' id='word_1_187' title='bbox 1332 1500 1405 1538; x_wconf 89' lang='lat' dir='ltr'>post</span> <span class='ocrx_word' id='word_1_188' title='bbox 1427 1496 1525 1538; x_wconf 81' lang='lat' dir='ltr'>patris</span> <span class='ocrx_word' id='word_1_189' title='bbox 1549 1499 1679 1527; x_wconf 89' lang='lat' dir='ltr'>mortem</span> <span class='ocrx_word' id='word_1_190' title='bbox 1695 1495 1843 1526; x_wconf 85' lang='lat' dir='ltr'>Narbone</span> <span class='ocrx_word' id='word_1_191' title='bbox 1867 1505 1920 1525; x_wconf 85' lang='lat' dir='ltr'>rex</span> <span class='ocrx_word' id='word_1_192' title='bbox 1944 1498 2072 1533; x_wconf 86' lang='lat' dir='ltr'>creatus,</span> 
     </span>
     <span class='ocr_line' id='line_1_18' title="bbox 416 1553 2073 1599; baseline 0.001 -15"><span class='ocrx_word' id='word_1_193' title='bbox 416 1553 470 1585; x_wconf 82' lang='lat' dir='ltr'>sed</span> <span class='ocrx_word' id='word_1_194' title='bbox 487 1554 636 1596; x_wconf 81' lang='lat' dir='ltr'>expulsus</span> <span class='ocrx_word' id='word_1_195' title='bbox 660 1566 697 1585; x_wconf 77' lang='lat' dir='ltr'>ex</span> <span class='ocrx_word' id='word_1_196' title='bbox 715 1554 821 1586; x_wconf 78' lang='lat' dir='ltr'>Gallia</span> <span class='ocrx_word' id='word_1_197' title='bbox 837 1567 855 1587; x_wconf 91' lang='lat' dir='ltr'>a</span> <span class='ocrx_word' id='word_1_198' title='bbox 870 1556 1149 1598; x_wconf 83' lang='lat' dir='ltr'>Burgundionibus</span> <span class='ocrx_word' id='word_1_199' title='bbox 1173 1568 1243 1588; x_wconf 86' lang='lat' dir='ltr'>cum</span> <span class='ocrx_word' id='word_1_200' title='bbox 1268 1557 1299 1587; x_wconf 91' lang='lat' dir='ltr'>in</span> <span class='ocrx_word' id='word_1_201' title='bbox 1316 1556 1505 1599; x_wconf 79' lang='lat' dir='ltr'>Hispaniam</span> <span class='ocrx_word' id='word_1_202' title='bbox 1529 1567 1562 1587; x_wconf 91' lang='lat' dir='ltr'>se</span> <span class='ocrx_word' id='word_1_203' title='bbox 1578 1555 1769 1594; x_wconf 87' lang='lat' dir='ltr'>contulisset,</span> <span class='ocrx_word' id='word_1_204' title='bbox 1793 1554 1864 1586; x_wconf 90' lang='lat' dir='ltr'>inde</span> <span class='ocrx_word' id='word_1_205' title='bbox 1886 1555 2002 1586; x_wconf 87' lang='lat' dir='ltr'>eiectus</span> <span class='ocrx_word' id='word_1_206' title='bbox 2025 1558 2073 1586; x_wconf 83' lang='lat' dir='ltr'>est</span> 
     </span>
     <span class='ocr_line' id='line_1_19' title="bbox 416 1613 2073 1656; baseline -0.001 -10"><span class='ocrx_word' id='word_1_207' title='bbox 416 1625 434 1646; x_wconf 91' lang='lat' dir='ltr'>a</span> <span class='ocrx_word' id='word_1_208' title='bbox 461 1613 644 1645; x_wconf 84' lang='lat' dir='ltr'>Theoderici</span> <span class='ocrx_word' id='word_1_209' title='bbox 673 1614 819 1647; x_wconf 87' lang='lat' dir='ltr'>ducibus:</span> <span class='ocrx_word' id='word_1_210' title='bbox 854 1617 927 1647; x_wconf 57' lang='lat' dir='ltr'>‘iude</span> <span class='ocrx_word' id='word_1_211' title='bbox 948 1616 1112 1656; x_wconf 62' lang='lat' dir='ltr'>profectus</span> <span class='ocrx_word' id='word_1_212' title='bbox 1143 1617 1186 1647; x_wconf 73' lang='lat' dir='ltr'>ad</span> <span class='ocrx_word' id='word_1_213' title='bbox 1215 1616 1363 1656; x_wconf 70' lang='lat' dir='ltr'>Africam</span> <span class='ocrx_word' id='word_1_214' title='bbox 1391 1616 1621 1649; x_wconf 56' lang='lat' dir='ltr'>Whudalorum</span> <span class='ocrx_word' id='word_1_215' title='bbox 1649 1615 1840 1656; x_wconf 71' lang='lat' dir='ltr'>suffiayium</span> <span class='ocrx_word' id='word_1_216' title='bbox 1862 1615 1981 1654; x_wconf 67' lang='lat' dir='ltr'>poscit,</span> <span class='ocrx_word' id='word_1_217' title='bbox 2012 1625 2073 1654; x_wconf 82' lang='lat' dir='ltr'>quo</span> 
     </span>
     <span class='ocr_line' id='line_1_20' title="bbox 416 1675 2070 1717; baseline -0.001 -10"><span class='ocrx_word' id='word_1_218' title='bbox 416 1676 451 1707; x_wconf 64' lang='grc' dir='ltr'>’ῖη</span> <span class='ocrx_word' id='word_1_219' title='bbox 479 1687 610 1717; x_wconf 60' lang='lat' dir='ltr'>refluum</span> <span class='ocrx_word' id='word_1_220' title='bbox 626 1679 733 1716; x_wconf 71' lang='lat' dir='ltr'>posset</span> <span class='ocrx_word' id='word_1_221' title='bbox 756 1677 904 1708; x_wconf 77' lang='lat' dir='ltr'>restitui:</span> <span class='ocrx_word' id='word_1_222' title='bbox 932 1677 988 1717; x_wconf 74' lang='lat' dir='ltr'>qui</span> <span class='ocrx_word' id='word_1_223' title='bbox 1011 1677 1087 1709; x_wconf 73' lang='lat' dir='ltr'>dum</span> <span class='ocrx_word' id='word_1_224' title='bbox 1110 1688 1173 1709; x_wconf 77' lang='lat' dir='ltr'>uon</span> <span class='ocrx_word' id='word_1_225' title='bbox 1199 1678 1391 1717; x_wconf 68' lang='lat' dir='ltr'>impetrasset</span> <span class='ocrx_word' id='word_1_226' title='bbox 1414 1677 1574 1709; x_wconf 56' lang='lat' dir='ltr'>auritium</span> <span class='ocrx_word' id='word_1_227' title='bbox 1597 1687 1668 1708; x_wconf 70' lang='lat' dir='ltr'>moa:</span> <span class='ocrx_word' id='word_1_228' title='bbox 1691 1676 1727 1707; x_wconf 75' lang='lat' dir='ltr'>de-</span> <span class='ocrx_word' id='word_1_229' title='bbox 1750 1675 1867 1716; x_wconf 66' lang='lat' dir='ltr'>Afhica</span> <span class='ocrx_word' id='word_1_230' title='bbox 1888 1675 2013 1707; x_wconf 74' lang='lat' dir='ltr'>rediens</span> <span class='ocrx_word' id='word_1_231' title='bbox 2036 1675 2070 1706; x_wconf 85' lang='lat' dir='ltr'>ob</span> 
     </span>
     <span class='ocr_line' id='line_1_21' title="bbox 416 1735 2072 1778; baseline -0.001 -11"><span class='ocrx_word' id='word_1_232' title='bbox 416 1739 531 1768; x_wconf 53' lang='lat' dir='ltr'>metum.</span> <span class='ocrx_word' id='word_1_233' title='bbox 560 1737 749 1768; x_wconf 72' lang='lat' dir='ltr'>Theudorici</span> <span class='ocrx_word' id='word_1_234' title='bbox 776 1737 989 1776; x_wconf 71' lang='lat' dir='ltr'>Aquitaniam</span> <span class='ocrx_word' id='word_1_235' title='bbox 1014 1738 1109 1777; x_wconf 70' lang='lat' dir='ltr'>petiit</span> <span class='ocrx_word' id='word_1_236' title='bbox 1137 1738 1241 1778; x_wconf 65' lang='lat' dir='ltr'>&lt;ibique</span> <span class='ocrx_word' id='word_1_237' title='bbox 1270 1748 1354 1769; x_wconf 77' lang='lat' dir='ltr'>amm</span> <span class='ocrx_word' id='word_1_238' title='bbox 1385 1749 1448 1769; x_wconf 87' lang='lat' dir='ltr'>uuo</span> <span class='ocrx_word' id='word_1_239' title='bbox 1477 1737 1655 1769; x_wconf 75' lang='lat' dir='ltr'>delitescens</span> <span class='ocrx_word' id='word_1_240' title='bbox 1683 1736 1878 1777; x_wconf 72' lang='lat' dir='ltr'>Hispaniam</span> <span class='ocrx_word' id='word_1_241' title='bbox 1906 1735 2072 1767; x_wconf 75' lang='lat' dir='ltr'>revertitur</span> 
     </span>
     <span class='ocr_line' id='line_1_22' title="bbox 416 1796 2070 1837; baseline 0 -11"><span class='ocrx_word' id='word_1_242' title='bbox 416 1799 509 1836; x_wconf 76' lang='lat' dir='ltr'>atque</span> <span class='ocrx_word' id='word_1_243' title='bbox 538 1797 577 1827; x_wconf 82' lang='lat' dir='ltr'>ab</span> <span class='ocrx_word' id='word_1_244' title='bbox 600 1797 734 1828; x_wconf 74' lang='lat' dir='ltr'>Ebbauc</span> <span class='ocrx_word' id='word_1_245' title='bbox 760 1797 949 1828; x_wconf 75' lang='lat' dir='ltr'>Tlteuderici</span> <span class='ocrx_word' id='word_1_246' title='bbox 978 1798 1058 1837; x_wconf 69' lang='lat' dir='ltr'>reglis</span> <span class='ocrx_word' id='word_1_247' title='bbox 1086 1798 1163 1829; x_wconf 74' lang='lat' dir='ltr'>duce</span> <span class='ocrx_word' id='word_1_248' title='bbox 1192 1798 1370 1830; x_wconf 71' lang='lat' dir='ltr'>duodecimo</span> <span class='ocrx_word' id='word_1_249' title='bbox 1399 1809 1419 1829; x_wconf 84' lang='lat' dir='ltr'>a</span> <span class='ocrx_word' id='word_1_250' title='bbox 1441 1798 1629 1829; x_wconf 33' lang='lat' dir='ltr'>Bam-ermom</span> <span class='ocrx_word' id='word_1_251' title='bbox 1652 1797 1727 1828; x_wconf 80' lang='lat' dir='ltr'>urbe</span> <span class='ocrx_word' id='word_1_252' title='bbox 1749 1796 1888 1828; x_wconf 75' lang='lat' dir='ltr'>miliario</span> <span class='ocrx_word' id='word_1_253' title='bbox 1911 1796 2070 1827; x_wconf 78' lang='lat' dir='ltr'>commisso</span> 
     </span>
     <span class='ocr_line' id='line_1_23' title="bbox 410 1856 2070 1897; baseline 0 -9"><span class='ocrx_word' id='word_1_254' title='bbox 410 1857 531 1896; x_wconf 73' lang='lat' dir='ltr'>proelio</span> <span class='ocrx_word' id='word_1_255' title='bbox 566 1857 601 1888; x_wconf 70' lang='lat' dir='ltr'>rin</span> <span class='ocrx_word' id='word_1_256' title='bbox 635 1857 744 1897; x_wconf 70' lang='lat' dir='ltr'>fuglam</span> <span class='ocrx_word' id='word_1_257' title='bbox 775 1858 908 1888; x_wconf 63' lang='lat' dir='ltr'>vertitur</span> <span class='ocrx_word' id='word_1_258' title='bbox 936 1860 1107 1897; x_wconf 72' lang='lat' dir='ltr'>captusque</span> <span class='ocrx_word' id='word_1_259' title='bbox 1137 1861 1227 1889; x_wconf 71' lang='lat' dir='ltr'>trans</span> <span class='ocrx_word' id='word_1_260' title='bbox 1256 1858 1390 1897; x_wconf 78' lang='lat' dir='ltr'>fluvium</span> <span class='ocrx_word' id='word_1_261' title='bbox 1418 1858 1612 1890; x_wconf 75' lang='lat' dir='ltr'>Druentiam</span> <span class='ocrx_word' id='word_1_262' title='bbox 1645 1856 1828 1888; x_wconf 79' lang='lat' dir='ltr'>Galliarum</span> <span class='ocrx_word' id='word_1_263' title='bbox 1855 1856 1977 1887; x_wconf 50' lang='lat' dir='ltr'>*interiit</span> <span class='ocrx_word' id='word_1_264' title='bbox 2006 1881 2013 1888; x_wconf 94' lang='lat'>.</span> <span class='ocrx_word' id='word_1_265' title='bbox 2035 1881 2042 1888; x_wconf 94' lang='lat'>.</span> <span class='ocrx_word' id='word_1_266' title='bbox 2064 1880 2070 1887; x_wconf 96' lang='lat'>.</span> 
     </span>
     <span class='ocr_line' id='line_1_24' title="bbox 419 1917 2069 1959; baseline -0.001 -11"><span class='ocrx_word' id='word_1_267' title='bbox 419 1918 635 1949; x_wconf 75' lang='lat' dir='ltr'>Tlieudericus</span> <span class='ocrx_word' id='word_1_268' title='bbox 734 1919 869 1949; x_wconf 54' lang='lat' dir='ltr'>extincto</span> <span class='ocrx_word' id='word_1_269' title='bbox 895 1918 1052 1949; x_wconf 77' lang='lat' dir='ltr'>Gisaleico</span> <span class='ocrx_word' id='word_1_270' title='bbox 1075 1929 1143 1959; x_wconf 74' lang='lat' dir='ltr'>reye</span> <span class='ocrx_word' id='word_1_271' title='bbox 1162 1919 1337 1951; x_wconf 74' lang='lat' dir='ltr'>Gothorum</span> <span class='ocrx_word' id='word_1_272' title='bbox 1359 1919 1541 1959; x_wconf 70' lang='lat' dir='ltr'>Hispaniae</span> <span class='ocrx_word' id='word_1_273' title='bbox 1563 1929 1694 1959; x_wconf 73' lang='lat' dir='ltr'>reynum</span> <span class='ocrx_word' id='word_1_274' title='bbox 1718 1917 1788 1949; x_wconf 88' lang='lat' dir='ltr'>XV</span> <span class='ocrx_word' id='word_1_275' title='bbox 1807 1917 1903 1948; x_wconf 65' lang='lat' dir='ltr'>camis</span> <span class='ocrx_word' id='word_1_276' title='bbox 1925 1917 2069 1948; x_wconf 75' lang='lat' dir='ltr'>obtinuit.</span> 
     </span>
     <span class='ocr_line' id='line_1_25' title="bbox 416 1977 2071 2021; baseline -0.001 -12"><span class='ocrx_word' id='word_1_277' title='bbox 416 1978 492 2009; x_wconf 84' lang='lat' dir='ltr'>haec</span> <span class='ocrx_word' id='word_1_278' title='bbox 520 1978 689 2010; x_wconf 84' lang='lat' dir='ltr'>secundum</span> <span class='ocrx_word' id='word_1_279' title='bbox 717 1990 787 2010; x_wconf 85' lang='lat' dir='ltr'>eum</span> <span class='ocrx_word' id='word_1_280' title='bbox 815 1983 971 2010; x_wconf 80' lang='lat' dir='ltr'>auctorem</span> <span class='ocrx_word' id='word_1_281' title='bbox 1000 1979 1155 2021; x_wconf 86' lang='lat' dir='ltr'>pertinent</span> <span class='ocrx_word' id='word_1_282' title='bbox 1183 1979 1223 2010; x_wconf 86' lang='lat' dir='ltr'>ad</span> <span class='ocrx_word' id='word_1_283' title='bbox 1250 1991 1277 2011; x_wconf 86' lang='lat' dir='ltr'>a.</span> <span class='ocrx_word' id='word_1_284' title='bbox 1293 1981 1473 2019; x_wconf 79' lang='lat'>508—511,</span> <span class='ocrx_word' id='word_1_285' title='bbox 1504 1979 1651 2021; x_wconf 85' lang='lat' dir='ltr'>quoniam</span> <span class='ocrx_word' id='word_1_286' title='bbox 1675 1978 1820 2009; x_wconf 83' lang='lat' dir='ltr'>Alaricus</span> <span class='ocrx_word' id='word_1_287' title='bbox 1845 1977 1923 2009; x_wconf 88' lang='lat' dir='ltr'>obiit</span> <span class='ocrx_word' id='word_1_288' title='bbox 1950 1988 1976 2008; x_wconf 91' lang='lat' dir='ltr'>a.</span> <span class='ocrx_word' id='word_1_289' title='bbox 2000 1978 2071 2009; x_wconf 85' lang='lat'>507.</span> 
     </span>
     <span class='ocr_line' id='line_1_26' title="bbox 416 2037 2071 2082; baseline -0.001 -13"><span class='ocrx_word' id='word_1_290' title='bbox 416 2038 627 2070; x_wconf 83' lang='lat' dir='ltr'>Theodericus</span> <span class='ocrx_word' id='word_1_291' title='bbox 651 2039 704 2081; x_wconf 87' lang='lat' dir='ltr'>qui</span> <span class='ocrx_word' id='word_1_292' title='bbox 727 2039 804 2070; x_wconf 85' lang='lat' dir='ltr'>obiit</span> <span class='ocrx_word' id='word_1_293' title='bbox 827 2051 853 2070; x_wconf 84' lang='lat' dir='ltr'>a.</span> <span class='ocrx_word' id='word_1_294' title='bbox 875 2041 937 2072; x_wconf 79' lang='lat'>526</span> <span class='ocrx_word' id='word_1_295' title='bbox 961 2051 1059 2071; x_wconf 85' lang='lat' dir='ltr'>annos</span> <span class='ocrx_word' id='word_1_296' title='bbox 1083 2040 1170 2081; x_wconf 82' lang='lat' dir='ltr'>regni</span> <span class='ocrx_word' id='word_1_297' title='bbox 1186 2040 1360 2082; x_wconf 83' lang='lat' dir='ltr'>Hispaniae</span> <span class='ocrx_word' id='word_1_298' title='bbox 1384 2040 1416 2071; x_wconf 89' lang='lat' dir='ltr'>in</span> <span class='ocrx_word' id='word_1_299' title='bbox 1439 2040 1515 2071; x_wconf 85' lang='lat' dir='ltr'>actis</span> <span class='ocrx_word' id='word_1_300' title='bbox 1539 2040 1604 2071; x_wconf 86' lang='lat' dir='ltr'>suis</span> <span class='ocrx_word' id='word_1_301' title='bbox 1627 2039 1672 2070; x_wconf 82' lang='lat' dir='ltr'>ita</span> <span class='ocrx_word' id='word_1_302' title='bbox 1694 2043 1846 2077; x_wconf 86' lang='lat' dir='ltr'>numerat,</span> <span class='ocrx_word' id='word_1_303' title='bbox 1868 2042 1904 2069; x_wconf 85' lang='lat' dir='ltr'>ut</span> <span class='ocrx_word' id='word_1_304' title='bbox 1920 2039 1980 2071; x_wconf 91' lang='grc'>511</span> <span class='ocrx_word' id='word_1_305' title='bbox 2005 2037 2071 2069; x_wconf 89' lang='lat' dir='ltr'>eius</span> 
     </span>
     <span class='ocr_line' id='line_1_27' title="bbox 417 2098 2070 2142; baseline -0.001 -12"><span class='ocrx_word' id='word_1_306' title='bbox 417 2099 502 2141; x_wconf 82' lang='lat' dir='ltr'>regni</span> <span class='ocrx_word' id='word_1_307' title='bbox 518 2099 637 2141; x_wconf 87' lang='lat' dir='ltr'>primus</span> <span class='ocrx_word' id='word_1_308' title='bbox 654 2100 695 2130; x_wconf 84' lang='lat' dir='ltr'>sit</span> <span class='ocrx_word' id='word_1_309' title='bbox 712 2099 820 2141; x_wconf 72' lang='lat' dir='ltr'>(ueues</span> <span class='ocrx_word' id='word_1_310' title='bbox 836 2100 954 2131; x_wconf 77' lang='lat' dir='ltr'>Archiv</span> <span class='ocrx_word' id='word_1_311' title='bbox 974 2101 1021 2139; x_wconf 84' lang='lat'>14,</span> <span class='ocrx_word' id='word_1_312' title='bbox 1038 2101 1124 2142; x_wconf 80' lang='lat'>241).</span> <span class='ocrx_word' id='word_1_313' title='bbox 1169 2101 1217 2132; x_wconf 93' lang='lat' dir='ltr'>his</span> <span class='ocrx_word' id='word_1_314' title='bbox 1241 2101 1461 2133; x_wconf 81' lang='lat' dir='ltr'>convenienter</span> <span class='ocrx_word' id='word_1_315' title='bbox 1483 2101 1515 2132; x_wconf 88' lang='lat' dir='ltr'>in</span> <span class='ocrx_word' id='word_1_316' title='bbox 1537 2101 1686 2132; x_wconf 81' lang='lat' dir='ltr'>laterculo</span> <span class='ocrx_word' id='word_1_317' title='bbox 1702 2111 1807 2142; x_wconf 88' lang='lat' dir='ltr'>regum</span> <span class='ocrx_word' id='word_1_318' title='bbox 1821 2098 2070 2141; x_wconf 51' lang='lat' dir='ltr'>NVisigothol-um</span> 
     </span>
     <span class='ocr_line' id='line_1_28' title="bbox 417 2159 2068 2203; baseline 0 -13"><span class='ocrx_word' id='word_1_319' title='bbox 417 2159 496 2191; x_wconf 88' lang='lat' dir='ltr'>inter</span> <span class='ocrx_word' id='word_1_320' title='bbox 511 2160 671 2191; x_wconf 85' lang='lat' dir='ltr'>Alaricum</span> <span class='ocrx_word' id='word_1_321' title='bbox 695 2164 726 2191; x_wconf 91' lang='lat' dir='ltr'>et</span> <span class='ocrx_word' id='word_1_322' title='bbox 739 2159 965 2192; x_wconf 83' lang='lat' dir='ltr'>Theodericum</span> <span class='ocrx_word' id='word_1_323' title='bbox 989 2161 1190 2203; x_wconf 87' lang='lat' dir='ltr'>perscribitur</span> <span class='ocrx_word' id='word_1_324' title='bbox 1209 2162 1390 2194; x_wconf 79' lang='lat' dir='ltr'>Gesaleicus</span> <span class='ocrx_word' id='word_1_325' title='bbox 1413 2173 1472 2202; x_wconf 74' lang='lat' dir='ltr'>req.</span> <span class='ocrx_word' id='word_1_326' title='bbox 1497 2172 1548 2193; x_wconf 87' lang='lat' dir='ltr'>au.</span> <span class='ocrx_word' id='word_1_327' title='bbox 1566 2162 1629 2192; x_wconf 90' lang='lat' dir='ltr'>III</span> <span class='ocrx_word' id='word_1_328' title='bbox 1647 2164 1675 2192; x_wconf 79' lang='lat' dir='ltr'>et</span> <span class='ocrx_word' id='word_1_329' title='bbox 1700 2161 1732 2192; x_wconf 73' lang='lat' dir='ltr'>Iu</span> <span class='ocrx_word' id='word_1_330' title='bbox 1755 2160 1873 2192; x_wconf 80' lang='lat' dir='ltr'>latebra</span> <span class='ocrx_word' id='word_1_331' title='bbox 1895 2171 1955 2200; x_wconf 74' lang='lat' dir='ltr'>rey.</span> <span class='ocrx_word' id='word_1_332' title='bbox 1973 2170 2025 2191; x_wconf 79' lang='lat' dir='ltr'>(m.</span> <span class='ocrx_word' id='word_1_333' title='bbox 2041 2159 2068 2190; x_wconf 83' lang='lat' dir='ltr'>I.</span> 
     </span>
     <span class='ocr_line' id='line_1_29' title="bbox 417 2219 2068 2264; baseline 0 -13"><span class='ocrx_word' id='word_1_334' title='bbox 417 2219 550 2262; x_wconf 89' lang='lat' dir='ltr'>denique</span> <span class='ocrx_word' id='word_1_335' title='bbox 578 2221 609 2251; x_wconf 90' lang='lat' dir='ltr'>in</span> <span class='ocrx_word' id='word_1_336' title='bbox 633 2220 853 2252; x_wconf 81' lang='lat' dir='ltr'>additamentis</span> <span class='ocrx_word' id='word_1_337' title='bbox 877 2221 917 2253; x_wconf 84' lang='lat' dir='ltr'>ad</span> <span class='ocrx_word' id='word_1_338' title='bbox 942 2221 1105 2255; x_wconf 91' lang='lat' dir='ltr'>Victorem</span> <span class='ocrx_word' id='word_1_339' title='bbox 1129 2222 1388 2254; x_wconf 85' lang='lat' dir='ltr'>Tonnennensem</span> <span class='ocrx_word' id='word_1_340' title='bbox 1412 2222 1604 2264; x_wconf 86' lang='lat' dir='ltr'>adscriptum</span> <span class='ocrx_word' id='word_1_341' title='bbox 1633 2226 1681 2253; x_wconf 91' lang='lat' dir='ltr'>est</span> <span class='ocrx_word' id='word_1_342' title='bbox 1709 2220 1749 2252; x_wconf 84' lang='lat' dir='ltr'>ad</span> <span class='ocrx_word' id='word_1_343' title='bbox 1772 2232 1798 2252; x_wconf 88' lang='lat' dir='ltr'>a.</span> <span class='ocrx_word' id='word_1_344' title='bbox 1815 2222 1892 2254; x_wconf 83' lang='lat'>510:</span> <span class='ocrx_word' id='word_1_345' title='bbox 1926 2220 1976 2251; x_wconf 71' lang='lat' dir='ltr'>his</span> <span class='ocrx_word' id='word_1_346' title='bbox 1998 2230 2068 2251; x_wconf 83' lang='lat' dir='ltr'>cou-</span> 
     </span>
     <span class='ocr_line' id='line_1_30' title="bbox 417 2280 2069 2323; baseline -0.001 -12"><span class='ocrx_word' id='word_1_347' title='bbox 417 2280 539 2312; x_wconf 80' lang='lat' dir='ltr'>sulibus</span> <span class='ocrx_word' id='word_1_348' title='bbox 566 2281 733 2313; x_wconf 74' lang='lat' dir='ltr'>Gesalecus</span> <span class='ocrx_word' id='word_1_349' title='bbox 759 2282 927 2313; x_wconf 72' lang='lat' dir='ltr'>Goericum</span> <span class='ocrx_word' id='word_1_350' title='bbox 949 2282 1133 2314; x_wconf 65' lang='lat' dir='ltr'>Barcinone</span> <span class='ocrx_word' id='word_1_351' title='bbox 1156 2284 1191 2314; x_wconf 62' lang='lat' dir='ltr'>‘iu</span> <span class='ocrx_word' id='word_1_352' title='bbox 1207 2283 1333 2323; x_wconf 73' lang='lat' dir='ltr'>palatio</span> <span class='ocrx_word' id='word_1_353' title='bbox 1356 2283 1528 2322; x_wconf 59' lang='lat' dir='ltr'>interficit:</span> <span class='ocrx_word' id='word_1_354' title='bbox 1551 2293 1611 2322; x_wconf 78' lang='lat' dir='ltr'>quo</span> <span class='ocrx_word' id='word_1_355' title='bbox 1634 2292 1718 2313; x_wconf 77' lang='lat' dir='ltr'>auno</span> <span class='ocrx_word' id='word_1_356' title='bbox 1744 2282 1822 2313; x_wconf 76' lang='lat' dir='ltr'>idem</span> <span class='ocrx_word' id='word_1_357' title='bbox 1842 2280 2007 2312; x_wconf 79' lang='lat' dir='ltr'>Gesalicus</span> <span class='ocrx_word' id='word_1_358' title='bbox 2030 2280 2069 2311; x_wconf 80' lang='lat' dir='ltr'>ab</span> 
     </span>
     <span class='ocr_line' id='line_1_31' title="bbox 418 2340 2070 2384; baseline 0.001 -13"><span class='ocrx_word' id='word_1_359' title='bbox 418 2340 558 2372; x_wconf 68' lang='lat' dir='ltr'>Helbaue</span> <span class='ocrx_word' id='word_1_360' title='bbox 581 2342 650 2380; x_wconf 87' lang='lat' dir='ltr'>(sic)</span> <span class='ocrx_word' id='word_1_361' title='bbox 678 2342 862 2374; x_wconf 77' lang='lat' dir='ltr'>Theoderici</span> <span class='ocrx_word' id='word_1_362' title='bbox 885 2342 1003 2374; x_wconf 72' lang='lat' dir='ltr'>Italiae</span> <span class='ocrx_word' id='word_1_363' title='bbox 1025 2344 1105 2383; x_wconf 72' lang='lat' dir='ltr'>regyis</span> <span class='ocrx_word' id='word_1_364' title='bbox 1128 2343 1205 2374; x_wconf 69' lang='lat' dir='ltr'>duce</span> <span class='ocrx_word' id='word_1_365' title='bbox 1227 2344 1266 2375; x_wconf 79' lang='lat' dir='ltr'>ab</span> <span class='ocrx_word' id='word_1_366' title='bbox 1289 2343 1452 2383; x_wconf 72' lang='lat' dir='ltr'>Hispania</span> <span class='ocrx_word' id='word_1_367' title='bbox 1474 2343 1605 2384; x_wconf 60' lang='lat' dir='ltr'>fugatus</span> <span class='ocrx_word' id='word_1_368' title='bbox 1627 2342 1775 2382; x_wconf 77' lang='lat' dir='ltr'>Africam</span> <span class='ocrx_word' id='word_1_369' title='bbox 1792 2342 1891 2381; x_wconf 48' lang='lat' dir='ltr'>peti&amp;</span> <span class='ocrx_word' id='word_1_370' title='bbox 1920 2352 1999 2383; x_wconf 91' lang='lat' dir='ltr'>quae</span> <span class='ocrx_word' id='word_1_371' title='bbox 2022 2351 2070 2372; x_wconf 89' lang='lat' dir='ltr'>se-</span> 
     </span>
     <span class='ocr_line' id='line_1_32' title="bbox 418 2401 2070 2443; baseline 0 -11"><span class='ocrx_word' id='word_1_372' title='bbox 418 2407 567 2443; x_wconf 86' lang='lat' dir='ltr'>quuntur:</span> <span class='ocrx_word' id='word_1_373' title='bbox 591 2402 608 2433; x_wconf 79' lang='lat' dir='ltr'><em>h</em></span> <span class='ocrx_word' id='word_1_374' title='bbox 616 2403 642 2433; x_wconf 86' lang='lat' dir='ltr'>is</span> <span class='ocrx_word' id='word_1_375' title='bbox 660 2413 741 2434; x_wconf 71' lang='lat' dir='ltr'>eous,</span> <span class='ocrx_word' id='word_1_376' title='bbox 761 2403 927 2434; x_wconf 76' lang='lat' dir='ltr'>Gesale&#39;cus</span> <span class='ocrx_word' id='word_1_377' title='bbox 949 2404 986 2434; x_wconf 75' lang='lat' dir='ltr'>de</span> <span class='ocrx_word' id='word_1_378' title='bbox 1001 2404 1115 2443; x_wconf 77' lang='lat' dir='ltr'>Africa</span> <span class='ocrx_word' id='word_1_379' title='bbox 1140 2404 1262 2435; x_wconf 74' lang='lat' dir='ltr'>rediens</span> <span class='ocrx_word' id='word_1_380' title='bbox 1285 2404 1320 2435; x_wconf 88' lang='lat' dir='ltr'>ob</span> <span class='ocrx_word' id='word_1_381' title='bbox 1336 2406 1451 2435; x_wconf 78' lang='lat' dir='ltr'>metum</span> <span class='ocrx_word' id='word_1_382' title='bbox 1467 2403 1619 2435; x_wconf 33' lang='lat' dir='ltr'>Hellmsnis</span> <span class='ocrx_word' id='word_1_383' title='bbox 1635 2402 1846 2442; x_wconf 76' lang='lat' dir='ltr'>Aquitaniam</span> <span class='ocrx_word' id='word_1_384' title='bbox 1858 2402 1952 2441; x_wconf 67' lang='lat' dir='ltr'>petiit</span> <span class='ocrx_word' id='word_1_385' title='bbox 1967 2401 2070 2441; x_wconf 65' lang='lat' dir='ltr'>ibique</span> 
     </span>
     <span class='ocr_line' id='line_1_33' title="bbox 418 2461 2069 2507; baseline 0 -15"><span class='ocrx_word' id='word_1_386' title='bbox 418 2461 513 2493; x_wconf 82' lang='lat' dir='ltr'>latuit</span> <span class='ocrx_word' id='word_1_387' title='bbox 536 2473 657 2494; x_wconf 69' lang='lat' dir='ltr'>(mmmm</span> <span class='ocrx_word' id='word_1_388' title='bbox 680 2475 780 2495; x_wconf 75' lang='lat' dir='ltr'>unum</span> <span class='ocrx_word' id='word_1_389' title='bbox 803 2476 912 2504; x_wconf 85' lang='lat' dir='ltr'>errore,</span> <span class='ocrx_word' id='word_1_390' title='bbox 936 2469 969 2495; x_wconf 89' lang='lat' dir='ltr'>ut</span> <span class='ocrx_word' id='word_1_391' title='bbox 992 2464 1125 2503; x_wconf 88' lang='lat' dir='ltr'>videtur,</span> <span class='ocrx_word' id='word_1_392' title='bbox 1148 2476 1219 2496; x_wconf 87' lang='lat' dir='ltr'>cum</span> <span class='ocrx_word' id='word_1_393' title='bbox 1241 2465 1416 2507; x_wconf 87' lang='lat' dir='ltr'>pertineant</span> <span class='ocrx_word' id='word_1_394' title='bbox 1439 2464 1479 2495; x_wconf 89' lang='lat' dir='ltr'>ad</span> <span class='ocrx_word' id='word_1_395' title='bbox 1501 2475 1527 2495; x_wconf 86' lang='lat' dir='ltr'>a.</span> <span class='ocrx_word' id='word_1_396' title='bbox 1543 2465 1615 2503; x_wconf 88' lang='lat'>511,</span> <span class='ocrx_word' id='word_1_397' title='bbox 1638 2463 1795 2506; x_wconf 79' lang='lat' dir='ltr'>adscripta</span> <span class='ocrx_word' id='word_1_398' title='bbox 1811 2467 1883 2494; x_wconf 87' lang='lat' dir='ltr'>sunt</span> <span class='ocrx_word' id='word_1_399' title='bbox 1899 2461 1938 2493; x_wconf 83' lang='lat' dir='ltr'>ad</span> <span class='ocrx_word' id='word_1_400' title='bbox 1955 2473 1981 2493; x_wconf 91' lang='lat' dir='ltr'>a.</span> <span class='ocrx_word' id='word_1_401' title='bbox 1997 2462 2069 2494; x_wconf 88' lang='lat'>513.</span> 
     </span>
     <span class='ocr_line' id='line_1_34' title="bbox 418 2521 2069 2566; baseline 0 -13"><span class='ocrx_word' id='word_1_402' title='bbox 418 2522 522 2564; x_wconf 83' lang='lat' dir='ltr'>itaque</span> <span class='ocrx_word' id='word_1_403' title='bbox 549 2523 699 2565; x_wconf 84' lang='lat' dir='ltr'>epistulae</span> <span class='ocrx_word' id='word_1_404' title='bbox 728 2524 785 2556; x_wconf 85' lang='lat' dir='ltr'>hae</span> <span class='ocrx_word' id='word_1_405' title='bbox 813 2524 892 2556; x_wconf 88' lang='lat' dir='ltr'>duae</span> <span class='ocrx_word' id='word_1_406' title='bbox 921 2529 1089 2557; x_wconf 83' lang='lat' dir='ltr'>tractantes</span> <span class='ocrx_word' id='word_1_407' title='bbox 1117 2525 1155 2556; x_wconf 88' lang='lat' dir='ltr'>de</span> <span class='ocrx_word' id='word_1_408' title='bbox 1179 2525 1322 2557; x_wconf 89' lang='lat' dir='ltr'>Gesaleci</span> <span class='ocrx_word' id='word_1_409' title='bbox 1351 2524 1451 2556; x_wconf 88' lang='lat' dir='ltr'>reditu</span> <span class='ocrx_word' id='word_1_410' title='bbox 1480 2536 1517 2556; x_wconf 86' lang='lat' dir='ltr'>ex</span> <span class='ocrx_word' id='word_1_411' title='bbox 1540 2524 1649 2556; x_wconf 75' lang='lat' dir='ltr'>Africa</span> <span class='ocrx_word' id='word_1_412' title='bbox 1677 2524 1708 2555; x_wconf 93' lang='lat' dir='ltr'>in</span> <span class='ocrx_word' id='word_1_413' title='bbox 1731 2523 1919 2566; x_wconf 84' lang='lat' dir='ltr'>Hispaniam</span> <span class='ocrx_word' id='word_1_414' title='bbox 1948 2521 2069 2564; x_wconf 84' lang='lat' dir='ltr'>egregie</span> 
     </span>
    </p>
   </div>
   <div class='ocr_carea' id='block_1_8' title="bbox 418 2584 742 2617">
    <p class='ocr_par' dir='ltr' id='par_1_8' title="bbox 418 2584 742 2617">
     <span class='ocr_line' id='line_1_35' title="bbox 418 2584 742 2617; baseline 0.009 -3"><span class='ocrx_word' id='word_1_415' title='bbox 418 2584 606 2615; x_wconf 84' lang='lat' dir='ltr'>conveniunt</span> <span class='ocrx_word' id='word_1_416' title='bbox 629 2596 654 2615; x_wconf 82' lang='lat' dir='ltr'>a.</span> <span class='ocrx_word' id='word_1_417' title='bbox 671 2586 742 2617; x_wconf 91' lang='lat'>511.</span> 
     </span>
    </p>
   </div>
   <div class='ocr_carea' id='block_1_9' title="bbox 418 2703 2067 2870">
    <p class='ocr_par' dir='ltr' id='par_1_9' title="bbox 418 2703 2067 2870">
     <span class='ocr_line' id='line_1_36' title="bbox 526 2703 2066 2749; baseline -0.001 -13"><span class='ocrx_word' id='word_1_418' title='bbox 526 2704 617 2737; x_wconf 79' lang='lat' dir='ltr'>VII]</span> <span class='ocrx_word' id='word_1_419' title='bbox 643 2706 669 2736; x_wconf 95' lang='lat'>1.</span> <span class='ocrx_word' id='word_1_420' title='bbox 713 2705 867 2747; x_wconf 85' lang='lat' dir='ltr'>Tempore</span> <span class='ocrx_word' id='word_1_421' title='bbox 895 2706 1002 2737; x_wconf 79' lang='lat' dir='ltr'>mortis</span> <span class='ocrx_word' id='word_1_422' title='bbox 1031 2706 1216 2738; x_wconf 88' lang='lat' dir='ltr'>Theoderici</span> <span class='ocrx_word' id='word_1_423' title='bbox 1244 2718 1270 2738; x_wconf 83' lang='lat' dir='ltr'>a.</span> <span class='ocrx_word' id='word_1_424' title='bbox 1291 2708 1353 2740; x_wconf 83' lang='lat'>526</span> <span class='ocrx_word' id='word_1_425' title='bbox 1381 2707 1464 2749; x_wconf 82' lang='lat' dir='ltr'>Aug.</span> <span class='ocrx_word' id='word_1_426' title='bbox 1488 2708 1529 2739; x_wconf 89' lang='lat'>30</span> <span class='ocrx_word' id='word_1_427' title='bbox 1560 2706 1593 2738; x_wconf 88' lang='lat' dir='ltr'>in</span> <span class='ocrx_word' id='word_1_428' title='bbox 1621 2706 1750 2737; x_wconf 92' lang='lat' dir='ltr'>Oriente</span> <span class='ocrx_word' id='word_1_429' title='bbox 1779 2704 1952 2747; x_wconf 88' lang='lat' dir='ltr'>imperabat</span> <span class='ocrx_word' id='word_1_430' title='bbox 1981 2703 2066 2735; x_wconf 89' lang='lat' dir='ltr'>solus</span> 
     </span>
     <span class='ocr_line' id='line_1_37' title="bbox 418 2764 2067 2809; baseline 0 -14"><span class='ocrx_word' id='word_1_431' title='bbox 418 2764 572 2804; x_wconf 87' lang='lat' dir='ltr'>Iustinus,</span> <span class='ocrx_word' id='word_1_432' title='bbox 601 2765 690 2807; x_wconf 88' lang='lat' dir='ltr'>eique</span> <span class='ocrx_word' id='word_1_433' title='bbox 718 2770 798 2796; x_wconf 85' lang='lat' dir='ltr'>recte</span> <span class='ocrx_word' id='word_1_434' title='bbox 826 2766 992 2798; x_wconf 83' lang='lat' dir='ltr'>laterculus</span> <span class='ocrx_word' id='word_1_435' title='bbox 1021 2767 1187 2809; x_wconf 86' lang='lat' dir='ltr'>epistulam</span> <span class='ocrx_word' id='word_1_436' title='bbox 1210 2767 1365 2806; x_wconf 87' lang='lat' dir='ltr'>inscribit,</span> <span class='ocrx_word' id='word_1_437' title='bbox 1393 2778 1464 2798; x_wconf 89' lang='lat' dir='ltr'>cum</span> <span class='ocrx_word' id='word_1_438' title='bbox 1490 2767 1522 2797; x_wconf 91' lang='lat' dir='ltr'>in</span> <span class='ocrx_word' id='word_1_439' title='bbox 1544 2770 1632 2798; x_wconf 82' lang='lat' dir='ltr'>textu</span> <span class='ocrx_word' id='word_1_440' title='bbox 1655 2765 1745 2797; x_wconf 89' lang='lat' dir='ltr'>detur</span> <span class='ocrx_word' id='word_1_441' title='bbox 1766 2765 1950 2796; x_wconf 85' lang='lat' dir='ltr'>Iustiniano.</span> <span class='ocrx_word' id='word_1_442' title='bbox 1995 2775 2067 2795; x_wconf 86' lang='lat' dir='ltr'>nam</span> 
     </span>
     <span class='ocr_line' id='line_1_38' title="bbox 418 2824 2067 2870; baseline -0.001 -14"><span class='ocrx_word' id='word_1_443' title='bbox 418 2825 445 2855; x_wconf 85' lang='lat' dir='ltr'>ei</span> <span class='ocrx_word' id='word_1_444' title='bbox 476 2825 534 2856; x_wconf 86' lang='lat' dir='ltr'>soli</span> <span class='ocrx_word' id='word_1_445' title='bbox 562 2826 708 2857; x_wconf 80' lang='lat' dir='ltr'>convenit</span> <span class='ocrx_word' id='word_1_446' title='bbox 735 2826 884 2868; x_wconf 84' lang='lat' dir='ltr'>principis</span> <span class='ocrx_word' id='word_1_447' title='bbox 909 2826 1047 2867; x_wconf 66' lang='lat' dir='ltr'>{onyaemss</span> <span class='ocrx_word' id='word_1_448' title='bbox 1070 2827 1253 2870; x_wconf 86' lang='lat' dir='ltr'>appellatio,</span> <span class='ocrx_word' id='word_1_449' title='bbox 1281 2838 1350 2858; x_wconf 87' lang='lat' dir='ltr'>cum</span> <span class='ocrx_word' id='word_1_450' title='bbox 1379 2838 1414 2859; x_wconf 92' lang='lat' dir='ltr'>eo</span> <span class='ocrx_word' id='word_1_451' title='bbox 1438 2831 1575 2869; x_wconf 86' lang='lat' dir='ltr'>tempore</span> <span class='ocrx_word' id='word_1_452' title='bbox 1598 2830 1679 2858; x_wconf 84' lang='lat' dir='ltr'>esset</span> <span class='ocrx_word' id='word_1_453' title='bbox 1701 2825 1937 2868; x_wconf 83' lang='lat' dir='ltr'>septuagenario</span> <span class='ocrx_word' id='word_1_454' title='bbox 1960 2824 2067 2863; x_wconf 89' lang='lat' dir='ltr'>maior,</span> 
     </span>
    </p>
   </div>
  </div>
 </body>
</html>
