2279 3261
402 176 517 202 XXXIV
1111 168 1338 194 PROOEMIVM.

399 280 497 310 neque
524 268 688 310 quicquam
719 264 835 302 obstat,
863 268 897 294 ut
918 262 1096 294 Kruschius
1120 262 1139 292 l.
1162 273 1186 292 c.
1210 273 1239 303 p.
1256 262 1317 293 292
1342 265 1414 303 post
1437 260 1605 292 Waitzium
1628 265 1708 292 recte
1730 261 1859 300 monuit,
1882 261 2047 303 quominus

399 328 517 369 aliquot
537 327 609 358 anni
625 324 853 357 intercesserint
867 324 946 354 inter
962 323 1208 353 Alamannorum
1231 332 1269 352 ex
1293 321 1421 363 antiqua
1444 321 1545 363 patria
1564 321 1776 363 expulsionem
1799 325 1829 352 et
1843 321 2047 363 receptionem

398 399 503 419 eorum
527 388 606 418 intra
629 387 704 417 fines
727 385 810 426 regni
828 383 939 421 Italici,
963 394 1033 414 oum
1057 382 1237 424 praesertim
1259 392 1320 412 non
1342 381 1518 423 gratulandi
1542 392 1636 412 causa
1651 381 1784 423 epistula
1807 381 1923 424 scripta
1947 382 1985 413 sit
2008 382 2048 413 ob

398 448 560 478 victoriam
591 446 748 487 adeptam,
778 444 832 475 sed
864 443 1006 475 ordinata
1033 443 1235 484 fugitivorum
1267 442 1513 473 Alamannorum
1542 442 1722 473 condicione
1752 442 1791 473 ad
1819 442 1896 473 iram
1920 442 2047 473 victoris

398 507 609 549 mitigandam.
662 505 737 548 quid
770 504 854 547 quod
888 504 1055 536 verisimile
1087 503 1255 535 admodum
1289 508 1337 534 est
1368 514 1421 534 eos
1456 514 1494 534 ex
1528 503 1630 545 patria
1658 503 1807 545 profugos
1842 507 1873 534 et
1905 514 1960 545 per
1993 502 2049 533 ali-

397 566 480 609 quod
514 572 635 608 tempus
671 576 725 607 per
756 565 882 596 Raetias
917 563 1108 595 errabundos
1138 563 1241 595 sedem
1273 563 1415 595 stabilem
1447 575 1464 594 a
1494 562 1686 594 Theoderico
1717 562 1873 605 accepisse
1907 563 1939 593 in
1966 563 2049 593 Pan-

397 627 489 658 nonia
520 631 592 668 post
614 625 842 668 expeditionem
871 624 995 656 demum
1019 624 1228 655 Sirmiensem.
1278 635 1314 654 eo
1341 623 1423 654 enim
1451 622 1567 653 ducunt
1595 627 1626 653 et
1654 621 1737 664 quod
1761 621 1925 653 Ennodius
1949 622 2049 652 innuit

396 699 486 729 agros
514 698 566 718 eos
596 687 640 717 ita
663 686 831 728 accepisse,
862 690 897 716 ut
925 695 1120 727 possessores
1149 683 1226 714 nulli
1254 688 1419 725 propterea
1441 683 1666 725 expellerentur
1687 683 1759 723 (nos
1781 682 1909 722 contigit
1931 682 2049 713 damna

395 749 541 787 nescire),
578 746 661 789 quod
690 747 721 777 in
751 746 819 788 ipsa
847 745 941 776 Italia
972 745 1036 776 fieri
1067 756 1128 775 non
1159 744 1273 786 potuit,
1304 744 1407 786 potuit
1437 743 1468 774 in
1499 755 1574 785 agro
1605 743 1747 774 hostibus
1778 754 1877 785 nuper
1903 742 2049 784 adempto

396 819 450 850 per
473 819 506 839 se
529 807 688 850 opulento,
713 806 766 838 sed
791 818 809 838 a
832 806 909 837 raris
933 805 1042 836 incolis
1066 804 1168 836 adhuc
1190 804 1331 836 habitato
1355 803 1486 846 ideoque
1509 803 1591 835 ulvis
1615 803 1726 835 obsito.
1771 802 1878 834 eodem
1902 803 2048 834 traxerim

395 868 479 911 quod
504 880 550 911 ep.
567 867 621 899 III
639 869 680 901 50
704 867 820 909 scripta
843 870 873 897 et
895 866 964 908 ipsa
987 877 1005 896 a
1028 864 1219 896 Cassiodoro
1242 868 1404 906 quaestore
1426 864 1633 906 provinciales
1656 863 1765 895 Norici
1788 863 1932 895 iubenttu·
1953 863 2049 895 boves

395 933 584 960 commutare
617 939 687 959 cum
715 926 946 958 transeuntibus
975 925 1175 963 Alamannis3
1210 936 1281 955 nam
1310 925 1477 956 Alamanni
1509 936 1563 966 per
1585 924 1736 955 Noricum
1763 928 1957 955 transeuntes
1988 935 2050 966 quo

395 989 579 1021 tetenderint
601 989 661 1019 nisi
684 989 715 1019 in
732 988 927 1019 Pannoniam
949 998 1010 1017 non
1034 985 1199 1028 perspicio.
1237 985 1339 1027 possis
1363 984 1441 1016 adeo
1465 984 1525 1016 huc
1547 984 1659 1016 referre
1679 984 1762 1026 quod
1781 984 1893 1026 legitur
1914 984 1946 1015 111
1962 984 2050 1015 chro-

395 1050 472 1081 nicis
495 1049 732 1091 Fredegarianis
765 1059 844 1090 quae
867 1047 1013 1078 dicuntur
1039 1047 1058 1078 1.
1075 1048 1094 1078 3
1118 1057 1143 1077 c.
1160 1047 1198 1078 21
1224 1050 1297 1088 post
1319 1045 1527 1077 narrationem
1556 1045 1594 1076 de
1616 1045 1746 1077 victoria
1769 1044 1983 1077 Chlovodechi
2012 1056 2050 1075 ex

396 1110 549 1152 Gregorio
573 1109 784 1151 desumptam:
808 1118 878 1139 cnm
901 1118 999 1147 reyem
1023 1117 1117 1138 sunm
1140 1108 1301 1137 cernerent
1324 1106 1552 1145 interemptum,
1575 1116 1681 1137 novem
1704 1116 1780 1136 ann.
1799 1105 1904 1136 eoeules
1925 1116 1946 1135 a
1969 1105 2050 1136 sedi-

394 1171 451 1201 bus
482 1181 587 1202 eorum
619 1182 674 1201 nec
703 1169 801 1200 ullam
825 1171 1001 1208 potuerunt
1027 1170 1147 1207 gyentem
1177 1167 1358 1207 comperire,
1395 1167 1451 1206 qui
1478 1167 1522 1197 eis
1554 1169 1663 1198 contra
1693 1167 1836 1197 Francos
1867 1166 2050 1203 azanim-et,

393 1243 581 1273 quamquam
610 1231 719 1262 horum
749 1229 1033 1261 additamentorum
1063 1232 1093 1259 et
1123 1227 1290 1258 auctoritas
1319 1227 1431 1268 exigua
1460 1232 1505 1258 est
1536 1231 1566 1258 et
1595 1226 1679 1268 quod
1710 1226 1815 1257 statim
1844 1225 1969 1257 additur
1997 1238 2050 1257 eos

394 1297 465 1334 post
497 1292 686 1323 novennium
718 1302 750 1321 se
774 1289 940 1321 tradidisse
964 1287 1186 1320 Chlodovecho
1216 1287 1409 1318 coniecturae
1438 1287 1482 1318 illi
1510 1287 1688 1328 refragatur.
1738 1290 1808 1317 utut
1834 1290 1895 1324 est,
1925 1285 1952 1317 si
1975 1286 2051 1316 Ala-

395 1352 499 1383 manni
524 1364 542 1383 a
557 1351 750 1383 Theoderico
774 1349 862 1381 sedes
888 1353 1071 1391 aeceperunt
1095 1348 1125 1378 in
1142 1347 1314 1385 Pannonia,
1338 1346 1506 1378 admodum
1530 1346 1697 1378 verisimile
1720 1351 1767 1377 est
1789 1346 1868 1377 hanc
1886 1346 2050 1388 epistulam

394 1412 542 1454 scriptam
572 1417 644 1454 post
668 1411 797 1446 bellum,
828 1409 913 1452 quod
936 1409 1039 1451 coepit
1062 1420 1087 1440 a.
1105 1410 1181 1447 504,
1210 1407 1249 1439 ad
1273 1408 1363 1439 finem
1387 1407 1587 1449 perductum,
1617 1411 1688 1449 post
1710 1406 1901 1438 errabundos
1925 1407 1956 1437 in
1979 1417 2051 1437 con-

395 1472 476 1503 finiis
505 1472 616 1503 Italiae
646 1472 687 1503 ibi
717 1471 900 1508 collocatos,
930 1474 1002 1512 post
1031 1469 1269 1510 conquestiones
1301 1467 1338 1499 de
1367 1480 1401 1499 ea
1431 1479 1462 1499 re
1490 1479 1507 1499 a
1536 1467 1706 1498 victoribus
1729 1467 1859 1498 Francis
1883 1467 2051 1498 Ravennae

400 1537 500 1564 motas
524 1532 672 1564 dictatam
696 1542 763 1563 esse
787 1542 868 1562 anno
891 1530 1016 1562 demum
1040 1531 1111 1563 507.

508 1653 562 1684 III
590 1654 670 1685 1-4
694 1653 827 1695 scriptae
851 1656 924 1682 sunt
949 1650 988 1682 ad
1010 1662 1095 1692 reges
1113 1650 1361 1692 XVisigothorum
1378 1649 1571 1680 Francorum
1587 1648 1845 1690 Burgundionum
1864 1647 2052 1679 Heruloriuu

401 1714 582 1746 Varnorum
606 1714 850 1756 Thoringorum,
886 1716 1050 1754 antequam
1080 1711 1181 1753 erupit
1214 1710 1327 1742 bellum
1356 1710 1435 1740 inter
1459 1709 1654 1751 NVisigotlios
1684 1709 1722 1741 ab
1751 1720 1812 1740 una
1840 1713 1927 1751 parte
1957 1713 1987 1739 et
2015 1719 2052 1738 ex

400 1775 495 1806 altera
518 1774 657 1805 Francos
680 1779 707 1805 et
732 1773 985 1815 Burgundiones,
1018 1785 1079 1815 quo
1109 1784 1162 1804 rex
1186 1773 1310 1803 illorum
1334 1772 1479 1803 Alaricus
1509 1772 1540 1802 in
1563 1771 1680 1813 proelio
1705 1770 1901 1812 Vogladensi
1923 1781 2051 1811 regnum

401 1835 558 1876 vitamque
581 1835 694 1866 amisit.
739 1834 889 1866 accidisse
913 1834 945 1865 id
968 1846 994 1865 a.
1015 1835 1076 1866 507
1098 1838 1191 1864 testes
1214 1844 1320 1864 omnes
1337 1833 1542 1863 consentiunt.
1580 1832 1697 1863 scilicet
1718 1831 1859 1862 Isidorus
1876 1831 1907 1861 in
1923 1830 2050 1861 historia

403 1894 579 1926 Gothorum
604 1907 732 1937 regnum
756 1895 874 1926 Alarici
899 1895 1026 1926 deducit
1049 1894 1087 1926 ad
1112 1906 1137 1925 a.
1155 1896 1226 1931 507,
1250 1893 1387 1925 Gesalici
1412 1893 1599 1924 successoris
1623 1904 1720 1924 annos
1744 1903 1908 1923 numerans
1931 1902 1949 1922 a
1964 1891 2054 1933 quin—

402 1957 573 1998 gentesimo
594 1960 720 1994 octavo;
744 1957 915 1997 Gregorius
932 1956 1123 1987 Turonensis
1141 1954 1408 1992 Chlodovechum,
1431 1954 1482 1996 qui
1507 1959 1647 1985 mortuus
1671 1958 1718 1984 est
1740 1964 1766 1984 a.
1783 1954 1854 1991 511,
1877 1952 1919 1983 ait
1940 1951 2054 1983 obiisse

401 2017 510 2058 quinto
534 2028 614 2048 anno
638 2022 708 2059 post
726 2016 930 2058 Vogladense
952 2017 1083 2055 bcllum;
1106 2015 1323 2047 adnotationes
1348 2014 1479 2056 denique
1503 2014 1542 2046 ad
1562 2014 1722 2046 Victorem
1739 2013 1997 2044 Tonnennensem
2020 2011 2051 2042 id

402 2077 553 2118 proelium
578 2076 712 2107 referunt
735 2078 792 2108 sub
816 2078 881 2108 eius
906 2077 977 2108 anni
1002 2076 1192 2107 consulibus.
1232 2076 1318 2117 ipsae
1341 2075 1398 2106 hae
1421 2075 1580 2117 epistulae,
1603 2074 1716 2116 quibus
1733 2073 1942 2104 Theodericus
1965 2083 2052 2113 reges

402 2137 471 2168 illos
500 2137 680 2168 exhortatur
710 2137 749 2168 ad
781 2137 979 2169 concordiam
1013 2136 1218 2175 retinendam,
1252 2135 1410 2167 evidenter
1440 2135 1571 2177 scriptae
1601 2140 1673 2166 sunt
1706 2134 1883 2166 imminente
1912 2133 1993 2164 bello
2023 2137 2052 2164 et

402 2198 517 2240 optime
541 2198 728 2229 conveniunt
751 2209 776 2229 a.
793 2200 854 2232 507
880 2198 1046 2240 incipienti.

510 2318 565 2349 ΠΙ
590 2322 617 2351 5.
635 2321 662 2350 6.
710 2318 911 2360 Importunus
935 2318 1084 2360 patricius
1109 2322 1229 2348 creatur
1253 2321 1325 2358 post
1343 2316 1501 2359 depositos
1525 2317 1623 2348 fasces
1648 2316 1834 2354 consulares,
1856 2326 1934 2358 quos
1957 2314 2053 2357 gessit

403 2390 429 2410 a.
454 2381 524 2411 509.

513 2498 567 2528 III
591 2499 618 2530 8.
636 2499 686 2530 46.
703 2500 752 2530 47.
798 2498 986 2529 Cautionum
1003 2498 1135 2529 fortasse
1152 2497 1313 2535 fiscalium,
1337 2509 1414 2539 quas
1431 2498 1569 2528 continet
1584 2509 1720 2540 papyrus
1737 2497 1914 2528 Mariniana
1937 2508 1965 2527 n.
1985 2498 2053 2533 138,

405 2570 474 2589 cum
505 2558 667 2600 pleraeque
698 2558 871 2600 adscriptos
907 2558 1041 2589 habeant
1074 2558 1140 2589 sine
1168 2562 1250 2588 certo
1282 2557 1389 2588 ordine
1419 2558 1560 2588 consules
1590 2569 1615 2589 a.
1639 2558 1768 2599 487111.
1791 2558 1862 2589 499.
1886 2558 1956 2589 503.
1981 2557 2052 2588 504.

404 2621 475 2652 506.
499 2621 570 2652 507.
594 2621 664 2651 508.
689 2621 765 2658 510,
793 2631 853 2650 una
877 2619 1077 2650 indictionem
1100 2618 1154 2649 IH
1178 2635 1217 2645 Ξ
1242 2630 1268 2649 a.
1290 2620 1366 2657 510,
1395 2617 1496 2649 inedia
1520 2619 1599 2649 inter
1621 2629 1672 2649 eas
1695 2618 1807 2659 legitur
1829 2617 1918 2648 haec:
1947 2617 2052 2647 cautio

412 2679 517 2710 Valeri
532 2679 736 2719 sclzolffltrisffl
762 2680 821 2719 inl(
824 2680 935 2721 nstris)
952 2680 1123 2719 l)(raesccti
1130 2679 1146 2709 1?
1142 2681 1162 2719 )
1178 2679 1221 2709 ad
1236 2690 1346 2710 nomen
1363 2679 1460 2716 Petri,
1478 2690 1538 2718 per
1559 2690 1648 2718 quem
1662 2678 1798 2717 suscepit
1819 2677 1968 2709 Venantio
1985 2687 2050 2707 cor-

405 2742 519 2770 rectore
536 2740 700 2770 Lucaniae
722 2743 750 2770 et
767 2740 959 2771 Brittiorum
975 2739 1120 2779 solffidos)
1136 2740 1169 2769 ἷι.
1194 2764 1199 2769 .
1219 2764 1225 2771 .
1244 2764 1260 2776 .,
1284 2738 1365 2769 unde
1389 2738 1576 2780 intellegitur
1598 2749 1653 2780 per
1675 2749 1726 2769 eos
1743 2749 1839 2769 annos
1858 2737 2050 2769 Venautium

405 2801 582 2842 provincias
611 2812 662 2831 eas
692 2800 816 2831 rexisse.
861 2801 953 2831 etiam
978 2811 1055 2842 quae
1079 2800 1108 2830 in
1133 2798 1239 2830 eadem
1264 2799 1406 2830 cautione
1429 2799 1588 2841 leguntur:
1614 2799 1786 2839 piltacizmt
1816 2798 1988 2829 Vcrccnmli
2009 2798 2053 2829 ad
