2279 3261
411 191 431 216 L
1123 187 1351 213 PROOEMIVM.

410 282 470 314 Sed
504 282 534 313 hi
568 294 698 319 errores,
734 293 863 323 quorum
899 284 1015 322 partem
1047 281 1114 322 ipse
1143 281 1283 319 sustulit,
1318 293 1386 312 cum
1419 281 1643 323 neglegentiam
1670 281 1886 312 tantummodo
1917 281 2059 323 prodant,

411 343 480 373 aliis
504 342 579 373 locis
603 342 701 383 iisque
725 341 830 372 multis
854 344 972 371 text-um
998 341 1196 383 interpolavit
1219 346 1273 372 aut
1295 341 1399 383 glossa
1420 341 1589 372 substituta
1606 346 1659 373 aut
1676 341 1828 373 vocabulo
1845 342 1923 373 male
1938 342 2058 373 intruso

410 407 464 433 aut-
486 403 546 433 11110
569 413 678 444 genere
701 401 901 443 ema-uptelae,
924 413 1002 443 quae
1019 401 1095 432 vitia
1111 405 1233 443 praeter
1248 401 1330 433 hunc
1346 402 1459 433 librum
1475 406 1506 433 et
1521 402 1592 433 inde
1608 401 1798 444 descriptum
1814 401 2059 432 Admontensem

412 463 442 493 in
467 463 527 494 alio
551 463 636 493 nullo
660 466 846 503 comparent.

498 541 544 578 14,
564 542 600 571 12
625 539 726 581 laude]
750 539 865 570 honore.

494 602 543 638 20,
560 602 600 631 26
624 600 726 641 igitur]
751 611 838 641 crgo;
864 600 934 630 [tem
959 601 1050 638 31,4.
1075 601 1206 638 165,17.

670 661 736 698 185,
753 662 793 692 26

494 722 543 756 23,
559 722 600 752 26
624 720 828 761 decernimus]
853 721 1060 762 praecipimus

493 782 542 818 24,
561 782 577 812 7
602 781 649 822 ne]
674 784 708 811 ut

494 842 544 876 41,
562 842 601 872 20
627 840 807 881 maturabis]
832 840 955 871 curabis

495 904 543 937 46,
564 902 600 932 12
624 901 779 942 festinare]
803 912 967 943 properare

494 962 543 997 49,
561 964 578 993 5
603 962 768 1003 praestate]
793 961 917 1003 prebete

494 1023 543 1058 52,
562 1022 601 1053 14
624 1022 802 1064 repetimus]
827 1021 1034 1063 praecipimus

494 1084 543 1118 53,
560 1084 600 1113 22
624 1082 730 1123 altera]
755 1082 849 1113 altera
874 1081 976 1112 adbuc

494 1144 543 1180 55,
560 1145 578 1172 :5
604 1142 814 1184 benignitatis]
839 1142 964 1184 pietatis

494 1205 542 1240 56,
560 1204 600 1234 24
624 1204 823 1245 postremam]
848 1207 1015 1234 extremam

494 1265 543 1301 65,
560 1265 600 1295 26
624 1263 783 1304 dilatione]
808 1263 1001 1295 dubitatione
1026 1266 1092 1301 (em.
1118 1264 1182 1301 R2)

494 1326 543 1361 66,
561 1325 601 1354 24
625 1323 765 1365 stultitie]
789 1324 910 1355 iusticie

495 1384 544 1421 67,
565 1385 601 1416 15
626 1383 789 1425 releuasse]
814 1395 968 1415 recreasse

494 1445 544 1482 67,
561 1446 600 1476 27
624 1444 719 1485 labio]
744 1444 848 1475 labore

495 1506 543 1543 70,
560 1508 578 1537 5
602 1505 691 1547 quae]
716 1516 795 1547 *que
818 1505 898 1536 enim

497 1567 544 1603 70,
561 1568 601 1598 28
614 1566 833 1607 commentum]
843 1565 1060 1596 commercium
1071 1568 1138 1604 (em.
1147 1566 1207 1604 R2)

496 1627 544 1663 71,
560 1628 598 1658 31
630 1626 804 1667 cantabilis]
844 1624 1011 1657 laudabilis
1046 1626 1207 1657 cantabilis

667 1687 698 1725 (l.
721 1691 751 1718 ct
774 1699 799 1717 (·.
825 1686 888 1724 Ιίἳ)

495 1748 544 1784 81,
561 1749 579 1779 8
604 1746 752 1778 dilatione
765 1747 931 1789 probabili]
948 1746 1128 1788 dignatione
1143 1747 1209 1778 lau-

665 1807 761 1838 dabili

495 1869 544 1904 ST,
561 1870 579 1900 5
603 1867 763 1908 laicorum]
788 1879 806 1898 a
830 1868 978 1898 laicorum

1326 542 1408 579 97,1
1435 540 1542 581 dubio]
1566 539 1682 571 iudicio

1307 601 1376 638 104,
1392 602 1432 632 27
1455 600 1565 642 gratia]
1589 600 1689 642 gloria

1309 662 1377 700 106,
1393 664 1411 693 6
1435 661 1639 702 summitates]
1668 660 1834 702 dignitates
1859 663 1926 698 (cm.
1953 660 2016 698 R2)

1308 722 1376 759 114,
1393 722 1412 753 4
1436 722 1601 763 sociamus]
1625 721 1842 762 coniungimus

1308 783 1377 820 120,
1396 783 1432 814 17
1457 782 1656 823 pannoniam]
1680 781 1832 812 coloniam

1308 843 1377 879 130,
1396 843 1433 873 12
1458 841 1549 883 radit]
1571 841 1650 873 redit
1670 842 1728 880 Ra,
1753 842 1801 872 uel
1822 841 1904 873 rodit
1922 841 1994 872 add.
2010 841 2059 872 Rb

1309 903 1378 940 135,
1394 904 1413 933 3
1437 903 1637 944 cognoscant]
1661 901 1816 943 gaudeant
1840 904 1906 939 (em.
1933 902 1995 941 R2)

1308 963 1377 1001 135,
1394 963 1433 994 27
1459 963 1562 1004 quam]
1587 962 1626 993 ad
1652 974 1744 1004 quam

1309 1023 1377 1061 141,
1393 1024 1412 1054 3
1436 1023 1502 1053 auri
1526 1022 1636 1065 pretio]
1660 1034 1735 1053 auro

1308 1083 1376 1121 145,
1395 1084 1434 1115 18
1458 1083 1590 1125 culmen]
1614 1082 1754 1114 ordinem
1778 1086 1846 1121 (mn.
1870 1082 1938 1122 R2)

1307 1144 1376 1181 145,
1393 1145 1433 1175 26
1458 1144 1576 1185 secura]
1599 1155 1678 1185 pura
1702 1147 1770 1178 (em.
1794 1144 1858 1182 ΒΞ)

1308 1203 1376 1241 148,
1391 1205 1410 1235 2
1434 1203 1637 1245 commisisse]
1661 1204 1830 1235 constituto

1308 1265 1376 1301 151,
1396 1265 1433 1295 18
1457 1264 1574 1305 parere]
1598 1264 1731 1306 pendere
1755 1267 1821 1299 (cm.
1848 1265 1912 1302 R2)

1307 1325 1377 1361 155,
1396 1325 1434 1355 13
1459 1325 1704 1366 praesumantur]
1728 1328 1950 1367 praeparentur

1307 1385 1377 1422 165,
1394 1387 1412 1417 3
1437 1384 1548 1426 scelus]
1572 1396 1669 1426 genus

1307 1446 1433 1483 167,16
1457 1444 1514 1476 tibi
1536 1445 1653 1486 gratiae
1676 1446 1811 1487 nostrae]
1834 1445 1930 1487 gratie
1953 1449 2004 1476 tue

1308 1506 1376 1543 170,
1393 1506 1411 1536 2
1435 1505 1593 1547 inuitauit]
1617 1505 1743 1536 uocauit

1307 1566 1376 1602 177,
1394 1567 1434 1597 20
1457 1565 1610 1607 consides]
1635 1565 1777 1597 consides
1801 1566 1894 1598 etiam

1308 1627 1376 1664 182,
1393 1627 1433 1657 22
1458 1626 1583 1667 amittit]
1606 1625 1708 1668 perdit

1307 1687 1376 1723 187,
1396 1687 1433 1717 19
1457 1686 1583 1728 feturas]
1607 1687 1785 1729 profuturas

1308 1748 1434 1783 194,19
1458 1745 1562 1788 iudex]
1587 1746 1700 1778 uindex
1725 1750 1793 1785 (em.
1818 1747 1881 1786 ΗΖ)

1305 1808 1377 1845 201,
1397 1809 1434 1839 10
1459 1807 1567 1848 salute]
1591 1807 1727 1839 remedio

1306 1869 1377 1905 214,
1394 1870 1412 1899 6
1436 1866 1591 1909 expedire]
1615 1867 1768 1909 explicare
1791 1871 1858 1905 (em.
1883 1868 1946 1906 R2)

408 1944 439 1974 A
462 1943 680 1986 dittographiis
709 1949 739 1975 et
768 1944 862 1975 variis
890 1943 1075 1975 lectionibus
1105 1944 1213 1986 paucis
1241 1944 1317 1975 locis
1345 1945 1481 1986 exceptis
1511 1946 1573 1983 (71,
1590 1946 1639 1976 31.
1671 1947 1809 1984 13Ο,12)
1838 1945 1982 1977 librarius
2007 1945 2060 1976 ab-

408 2005 530 2043 stinuit,
561 2016 659 2046 neque
688 2005 750 2036 ulla
781 2004 863 2047 apud
895 2016 964 2036 eum
995 2004 1127 2046 vestigia
1156 2005 1351 2047 reperiuntur
1379 2005 1650 2036 contaminationis
1679 2005 1788 2036 classis
1816 2005 1968 2037 secundae
1990 2017 2060 2036 cum

408 2065 515 2106 prima.
560 2069 592 2096 at-
619 2077 688 2096 cum
718 2066 834 2107 primae
864 2065 972 2096 classis
1002 2069 1126 2096 nostrae
1149 2065 1325 2107 exemplum
1349 2077 1410 2096 non
1434 2065 1572 2104 haberet,
1602 2065 1712 2097 habuit
1735 2065 1818 2108 quod
1841 2065 1998 2097 accederet
2020 2065 2059 2097 ad

408 2124 520 2155 librum
544 2129 683 2155 nostrum
707 2126 740 2156 E
762 2126 810 2156 vel
834 2126 939 2167 potius
963 2125 1020 2156 fuit
1043 2125 1195 2156 eiusmodi
1219 2125 1318 2156 codex
1342 2125 1421 2156 inter
1444 2125 1585 2157 subsidia
1607 2126 1673 2157 eius
1697 2126 1755 2157 viri
1778 2125 1875 2164 docti,
1903 2126 1990 2157 cuius
2014 2130 2061 2157 est

408 2185 544 2216 recensio
568 2185 645 2216 libro
669 2185 703 2216 E
723 2185 896 2228 proposita,
920 2197 991 2216 uam
1015 2185 1117 2227 ipsum
1141 2185 1175 2216 E
1195 2185 1243 2216 vel
1267 2185 1430 2227 gemellum
1455 2186 1480 2216 si
1504 2186 1663 2217 habuisset
1684 2186 1884 2217 Monacensis
1906 2186 2059 2225 librarius,

410 2250 490 2276 certe
513 2258 573 2277 non
597 2246 789 2277 substitisset
812 2246 842 2277 in
866 2246 945 2277 libro
969 2247 1101 2288 septimo
1125 2246 1243 2277 mutilo.
1288 2258 1323 2277 eo
1347 2246 1465 2278 ducunt
1486 2247 1632 2278 lectiones
1656 2247 1726 2278 hae:

566 2322 635 2359 105,
653 2322 691 2352 31
716 2320 851 2362 nubilae]
876 2320 983 2352 nubilo
1008 2321 1069 2360 (E)

566 2381 635 2418 166,
652 2382 691 2413 25
716 2380 905 2423 expromere]
931 2382 1102 2424 exprimere
1126 2382 1185 2421 (E)

566 2442 635 2479 183,
652 2442 691 2473 :⁷34
716 2453 794 2483 quae
818 2443 885 2480 LP,
909 2443 1017 2485 copiae
1040 2444 1107 2474 EF
1127 2447 1205 2475 recte
1230 2446 1263 2474 ut
1285 2444 1418 2481 videtur,
1442 2443 1530 2485 copie
1553 2454 1612 2484 que
1636 2443 1668 2473 R

567 2502 634 2538 187,
654 2503 691 2534 16
715 2503 838 2543 satiare]
863 2504 980 2534 sociare
1005 2504 1083 2542 (E1)

564 2562 634 2600 200,
651 2563 691 2593 20
716 2564 865 2604 permota]
889 2564 1021 2606 permoti
1045 2564 1105 2603 (E)

408 2631 459 2662 Ex
490 2633 538 2663 his
568 2634 700 2676 reliquas
730 2636 949 2667 similitudines
978 2637 1104 2679 insuper
1131 2636 1313 2668 haberemus
1343 2641 1452 2678 utpote
1482 2647 1555 2668 casu
1583 2636 1723 2674 effectas,
1755 2636 1814 2667 nisi
1842 2640 1924 2666 esset
1949 2635 2057 2666 tertius

408 2692 494 2723 locus
518 2694 706 2736 coniimgens
730 2696 892 2727 lectionem
917 2696 1047 2728 duarum
1070 2697 1268 2728 familiarum.

514 2752 578 2784 Hic
609 2766 731 2797 quoque
760 2756 857 2787 codex
890 2757 1134 2788 emendationem
1167 2757 1262 2788 subiit
1291 2762 1321 2788 et
1351 2757 1382 2788 in
1412 2757 1591 2789 universmn
1623 2761 1774 2788 corrector
1804 2767 1873 2787 eum
1902 2755 2058 2786 meliorem

409 2812 480 2842 fecit
508 2813 611 2845 multis
634 2815 709 2846 locis
734 2816 848 2848 omissa
873 2817 1025 2849 vocabula
1047 2822 1127 2849 recte
1150 2817 1312 2860 supplens,
1341 2818 1410 2849 aliis
1433 2830 1494 2850 non
1519 2818 1638 2860 paucis,
1668 2829 1797 2859 quorum
1821 2821 1940 2859 partem
1964 2827 2057 2858 supra
