2279 3261
862 156 1058 182 VARIARVM
1079 157 1099 184 Ι,
1118 157 1142 183 2.
1155 158 1178 183 3.
1192 158 1216 183 4.
1828 164 1862 193 13

210 241 351 272 nescire:
377 240 432 272 ubi
457 240 516 272 sub
541 241 733 282 praecinctu
750 242 869 273 Martio
895 243 1002 273 civilia
1026 244 1096 274 iura
1120 244 1305 275 custodiens
1330 246 1461 287 publica
1485 247 1675 288 privataque
1693 248 1863 279 commoda

210 293 361 324 inavarus
387 293 507 324 arbiter
531 294 729 325 aestimabas
755 298 787 325 et
812 295 941 336 proprio
968 305 1066 325 censu
1092 296 1241 336 neglecte
1267 297 1335 327 sine
1361 298 1481 328 invidia
1498 298 1578 329 lucri
1594 309 1719 329 morum
1736 300 1863 331 divitias

210 345 364 383 retulisti,
395 344 573 376 excludens
602 346 654 376 vel
685 346 826 387 querelis
855 346 977 376 aditum
1007 347 1058 377 vel
1090 346 1353 387 derogationibus
1379 349 1499 379 locum:
1533 353 1565 380 et
1589 350 1674 381 unde
1699 352 1753 382 vix
1780 353 1862 383 solet

208 396 367 438 reportari
384 397 561 438 patientiae
580 397 757 434 silentium,
782 408 879 428 voees
897 397 955 428 tibi
981 398 1162 428 militavere
1186 398 1397 430 laudantium.
1438 401 1584 432 novimus
1610 403 1694 433 enim
1720 407 1861 434 testante

208 448 313 479 Tullio
325 449 360 490 ¹),
387 448 569 480 Siculorum
594 452 710 480 natura
735 460 830 490 quam
855 449 895 479 sit
919 449 1022 480 facilis
1047 449 1086 480 ad
1112 451 1274 491 querelas,
1299 454 1334 481 ut
1360 452 1453 482 solita
1477 454 1710 485 consuetudine
1736 457 1862 497 possint
1893 466 1902 481 s»

207 501 331 532 iudices
370 501 466 532 etiam
505 500 545 531 de
583 501 820 543 suspicionibus
858 512 1022 533 accusare.
1077 501 1141 532 Sed
1176 513 1238 532 non
1270 513 1307 533 eo
1341 506 1588 544 praeconiorum
1620 507 1683 537 fine
1718 509 1860 538 contenti

207 553 409 584 Bruttiorum
441 555 473 584 et
503 552 667 584 Lucaniae
699 553 756 584 tibi
788 553 936 584 dedimus
968 564 1073 584 mores
1109 554 1286 595 regendos.
1324 566 1363 585 ue
1399 556 1533 593 bonum,
1571 558 1654 598 quod
1688 560 1862 599 peregrina

207 605 373 646 provincia
401 605 589 638 meruisset,
621 605 773 645 genitalis
803 605 861 635 soli
894 605 1024 635 fortuna
1055 606 1205 636 nesciret.
1253 609 1285 636 at
1314 610 1347 637 tu
1380 609 1646 640 consuetudinem
1679 610 1860 641 devotionis

207 657 398 700 impendens
424 667 462 688 eo
487 667 545 687 nos
570 656 721 697 obligasti
738 667 881 695 munere,
908 667 970 698 quo
987 657 1045 687 tibi
1063 667 1119 687 nos
1138 660 1288 698 putamus
1306 659 1413 689 onmia
1431 659 1626 692 reddidisse:
1653 661 1726 692 inde
1744 663 1858 704 ampli-

205 709 331 740 ficando
365 709 525 743 debitum,
561 708 646 739 unde
680 708 767 739 credi
799 712 926 750 poterat
962 708 1157 739 absolutum.
1211 709 1308 750 egisti
1343 720 1401 751 per
1438 716 1553 742 cuneta
1588 713 1725 743 iudicem
1762 714 1858 744 totins

206 761 324 792 erroris
357 763 542 802 expertem,
576 770 636 791 nec
666 759 785 790 invidia
818 760 1002 801 quempiam
1032 760 1217 802 deprimens
1243 772 1303 792 nec
1329 763 1433 802 gratia
1457 763 1644 795 blandiente
1670 765 1858 797 sublimans.

205 812 290 854 quod
315 823 387 843 cum
411 811 529 853 ubique
555 811 595 842 sit
619 811 767 848 arduum.
793 815 861 842 tum
886 812 920 842 fit
945 812 976 842 in
1001 813 1107 853 patria
1131 813 1322 853 gloriosum:
1348 814 1402 844 ubi
1427 826 1562 847 necesse
1582 820 1631 847 est
1648 820 1703 847 aut
1720 818 1854 858 gratiam

204 864 373 906 parentela
406 866 561 905 provocet
592 867 647 894 aut
679 863 789 894 odium
821 864 939 904 longae
971 864 1197 896 contentiones
1231 870 1439 907 exasperent.
1488 867 1639 899 Oblectat
1670 869 1767 909 igitur
1800 880 1857 899 nos

203 919 295 946 actus
330 916 556 958 praefecturae
591 915 751 952 recolere,
789 915 888 946 totius
920 915 1037 946 Italiae
1074 916 1277 947 notissimum
1313 917 1449 955 bonum,
1486 919 1541 950 ubi
1575 924 1692 950 cuncta
1724 920 1858 962 provida

203 967 405 998 ordinatione
435 967 611 1009 disponens
642 967 830 1005 ostendisti,
863 978 959 1008 quam
988 968 1060 998 leve
1091 968 1132 998 sit
1164 969 1327 1010 stipendia
1358 970 1417 1000 sub
1449 970 1564 1001 iudicis
1589 972 1775 1013 integritate
1801 972 1856 1003 de-
1891 985 1900 1001 s.

202 1019 358 1061 pendere.
414 1019 521 1050 nullus
554 1022 729 1060 gravanter
761 1019 878 1050 obtulit
910 1019 995 1060 quod
1026 1019 1085 1050 sub
1117 1021 1281 1061 aequitate
1312 1023 1485 1063 persolvit,
1522 1023 1596 1064 quia
1627 1024 1780 1065 quicquid
1816 1034 1857 1054 ex

202 1071 315 1102 ordine
333 1071 496 1110 tribuitur,
522 1071 729 1113 dispendium
747 1082 809 1102 non
827 1074 970 1113 putatur.
1007 1072 1130 1103 Fruere
1147 1083 1232 1103 nunc
1250 1073 1343 1104 bonis
1362 1074 1424 1104 tuis
1443 1077 1475 1105 et
1491 1075 1663 1105 utilitatem
1682 1076 1857 1117 propriam,

202 1134 297 1165 quam
322 1126 474 1165 respectu
499 1123 628 1165 publico
655 1123 895 1165 contempsisti,
925 1124 1036 1165 recipe
1062 1124 1268 1166 duplicatam.
1316 1126 1396 1156 haee
1421 1129 1471 1157 est
1495 1127 1580 1157 enim
1606 1127 1690 1157 vitae
1715 1127 1854 1168 gloriosa

201 1175 413 1206 commoditas
444 1175 592 1206 dominos
622 1186 695 1206 esse
727 1178 843 1213 testeS,
877 1176 963 1206 cives
991 1175 1110 1206 habere
1136 1176 1317 1208 laudantes.
1364 1177 1424 1208 His
1450 1178 1548 1218 igitur
1571 1181 1618 1209 tot
1642 1179 1853 1221 amplissimis

200 1226 350 1257 laudibus
375 1227 498 1258 incitati
522 1227 715 1269 patriciatus
740 1227 797 1258 tibi
822 1227 948 1269 apicem
973 1228 1058 1258 iusta
1083 1229 1344 1260 renumeratione
1371 1230 1581 1263 conferimus,
1612 1234 1647 1261 ut
1677 1231 1760 1272 quod
1785 1231 1854 1261 aliis

200 1282 250 1309 est
280 1279 475 1320 praemium,
507 1279 565 1309 tibi
594 1279 634 1309 sit
665 1279 835 1310 retributio
866 1279 1065 1310 meritorum.
1112 1283 1232 1316 macte,
1265 1291 1389 1311 summe
1416 1282 1473 1315 vir,
1503 1282 1661 1313 felicitate
1691 1282 1856 1318 laudabili,

199 1331 253 1371 qui
278 1330 318 1361 ad
342 1330 425 1361 haue
449 1341 563 1361 vocem
589 1330 785 1361 dominantis
810 1331 933 1361 animos
960 1332 1131 1373 impulisti,
1163 1336 1198 1362 ut
1223 1333 1379 1363 bonorum
1406 1336 1532 1364 tuorum
1563 1335 1668 1375 potius
1699 1334 1857 1365 fateamur

199 1392 270 1413 esse
303 1382 387 1424 quod
422 1382 579 1414 cedimus.
632 1383 694 1414 sint
728 1384 809 1415 haee
843 1383 952 1414 divina
988 1386 1161 1425 perpetua,
1197 1388 1244 1420 ut,
1282 1395 1353 1415 cum
1389 1385 1470 1416 haec
1504 1396 1561 1426 pro
1594 1387 1854 1417 remuneratione

198 1434 382 1473 tribuimus,
407 1435 543 1466 meliora
568 1436 685 1466 iterum
712 1436 774 1466 tuis
798 1437 922 1467 meritis
947 1437 1129 1478 exigamur.

997 1591 1055 1623 iv.

1881 725 1903 742 1¹¹

1874 1244 1899 1261 220

516 1659 714 1691 SENATUI
739 1659 874 1691 URBIS
901 1660 1056 1692 ROMAE
1082 1661 1402 1693 THEODERICUS
1428 1661 1530 1693 REX.
1696 1691 1719 1710 p·
1737 1691 1766 1710 a.
1790 1681 1852 1711 507
1871 1675 1893 1692 κς,

299 1728 457 1771 Optamus
490 1729 634 1771 quidem,
667 1733 777 1772 patres
807 1731 993 1772 conscripti,
1025 1742 1173 1762 coronam
1205 1734 1345 1762 vestram
1375 1731 1575 1762 diversorum
1605 1731 1741 1762 fascium
1774 1733 1852 1763 flore

195 1781 340 1823 depingi:
377 1785 541 1823 optamus,
577 1785 612 1813 ut
642 1782 821 1813 Libertatis
857 1783 971 1824 genius
1006 1787 1132 1823 gratam
1166 1783 1276 1814 videat
1311 1783 1439 1813 turbam
1472 1786 1615 1814 senatus.
1672 1786 1851 1814 conventus

195 1833 354 1874 siquidem
387 1834 499 1864 talium
534 1837 583 1865 est
614 1834 754 1875 dignitas
786 1835 1017 1876 imperantum,
1049 1839 1081 1866 et
1113 1835 1265 1876 quicquid
1298 1835 1329 1865 in
1361 1835 1453 1865 vobis
1484 1835 1602 1865 festiva
1632 1836 1849 1875 gratulatione

194 1885 378 1926 respicitur,
400 1886 518 1916 nostris
536 1896 611 1917 vere
628 1885 780 1917 laudibus
797 1887 988 1927 applicatur.
1028 1886 1111 1917 Illud
1129 1891 1238 1917 tamen
1256 1887 1397 1917 maxime
1416 1886 1638 1917 desideranter
1655 1887 1848 1928 appetimus,

297 2005 605 2039 LRJcP(J›)]1[02N(.r)
611 2007 683 2039 mr)

297 2084 309 2109 l
329 2085 460 2117 procinctu
481 2084 562 2109 Fora.
668 2084 684 2109 3
702 2083 808 2117 aditum]
830 2085 946 2109 auditum
967 2084 1170 2109 ,lIOZXXE1F
1271 2084 1286 2109 4
1307 2085 1534 2109 militauei·1111t.l“
1606 2086 1753 2111 laudantum
1770 2087 1850 2110 Mla*

192 2127 208 2153 5
233 2127 381 2160 siculorum]
409 2129 528 2153 siclorum
548 2128 597 2158 La,
626 2129 773 2153 clericorum
795 2128 861 2152 ΧΑἰ
958 2133 1075 2153 naturam
1096 2129 1116 2152 „1
1216 2127 1253 2160 111]
1282 2129 1325 2153 ubi
1347 2129 1369 2152 A
1505 2129 1520 2153 o
1546 2138 1595 2153 non
1620 2128 1659 2161 co]
1686 2139 1746 2154 uero
1771 2139 1800 2154 eo
1820 2133 1848 2156 Η,

192 2180 238 2195 nos
256 2180 303 2196 nec
323 2180 409 2196 eorum
422 2172 488 2196 EF²
595 2171 608 2196 ’ἲ
630 2172 786 2196 brutciorum
798 2173 854 2199 th,
875 2173 1015 2197 brutiorum
1034 2173 1072 2196 rel
1089 2172 1234 2196 bruciorum
1247 2173 1361 2204 plerique
1425 2172 1514 2203 mores]
1535 2174 1616 2197 fasces
1629 2173 1654 2196 Ε
1755 2174 1770 2197 S
1790 2183 1847 2197 con-

191 2215 325 2239 suetudine
343 2217 363 2239 (Ι
491 2214 506 2239 9
525 2214 585 2248 quo]
611 2216 678 2247 quod
698 2215 789 2239 LRK¹
888 2225 933 2240 nos
952 2226 999 2240 0111.
1015 2215 1221 2239 MOZNXEFA
1320 2215 1472 2247 putabamus
1492 2215 1556 2239 Ihlt‘
1577 2220 1639 2240 recle
1735 2215 1802 2248 inde]
1823 2221 1846 2240 ct

191 2267 242 2283 non
258 2258 286 2282 N
341 2258 488 2291 ampliando
503 2258 560 2288 EF,
581 2259 732 2291 applicando
746 2259 783 2282 ,le
881 2258 913 2283 10
932 2259 1045 2283 debitum
1062 2258 1159 2283 0711.]1η
1225 2257 1309 2290 egisti]
1327 2267 1365 2290 cg.
1384 2262 1408 2283 tc
1419 2258 1472 2282 EF
1567 2258 1596 2282 11
1615 2259 1784 2283 blandientem
1796 2260 1850 2283 RE

193 2301 224 2326 12
244 2302 276 2326 sit
295 2302 389 2334 ubique
409 2301 440 2332 R,
465 2302 507 2326 ub.
528 2302 555 2326 fit
576 2302 600 2325 Z
696 2301 759 2333 tuin]
785 2306 870 2326 tamen
891 2302 992 2326 KEFA
1095 2301 1132 2333 fit]
1152 2303 1184 2326 sit
1204 2302 1228 2326 P
1325 2300 1371 2333 est]
1393 2301 1612 2332 PJJJIOXXEF,
1636 2306 1673 2326 est
1698 2307 1725 2326 ut
1746 2302 1845 2326 [ΔΕΚΑ

192 2344 225 2369 13
243 2345 373 2377 parentele
393 2345 442 2375 La,
461 2345 589 2377 palentela
610 2344 639 2368 X
704 2345 900 2377 contemptionis
917 2345 937 2369 O
1008 2354 1053 2369 nos
1073 2346 1105 2377 ig.
1120 2345 1148 2369 K
1253 2343 1284 2368 15
1303 2344 1490 2376 depreliemlere
1511 2344 1591 2368 XEF
1697 2344 1729 2369 16
1749 2344 1845 2377 nullus]

191 2390 215 2411 et
234 2396 258 2411 n.
274 2387 299 2410 P
382 2386 532 2419 grauanter]
553 2387 759 2413 LRDUJOZX.
783 2391 914 2419 gratanter
933 2387 1011 2415 ])²Jx',
1035 2388 1147 2419 grauiter
1166 2387 1265 2411 PEF'A
1405 2387 1436 2412 18
1459 2392 1496 2412 cst
1520 2397 1567 2412 om.
1586 2390 1606 2412 0
1693 2388 1800 2419 gloriose
1825 2388 1846 2411 l!

191 2429 223 2454 19
237 2430 409 2454 commodatas
420 2430 457 2453 Zl
513 2429 599 2462 igitur]
614 2439 673 2462 ergo
686 2430 710 2454 E
795 2430 829 2455 ‘20
848 2431 915 2455 iusta
930 2432 1160 2455 remunerationem
1176 2434 1204 2458 (l,
1222 2431 1315 2455 iustam
1329 2432 1558 2456 remunerationem
1570 2431 1608 2455 15¹
1697 2432 1727 2455 21
1746 2436 1783 2455 cst
1797 2431 1843 2463 pin]

190 2473 367 2504 impraemium
384 2472 404 2495 Ο
529 2472 562 2496 {22
581 2473 717 2505 impulisti]
742 2473 856 2505 repulisti
876 2473 899 2496 L
1027 2472 1060 2498 23
1079 2474 1204 2498 credimus
1224 2474 1396 2498 KOXEOEA
1489 2475 1577 2498 diuina
1602 2474 1734 2506 perpetua]
1758 2475 1843 2498 diuina

190 2519 333 2547 perpetrata
347 2515 375 2541 Ο,
394 2515 480 2539 diuino
499 2519 643 2547 perpetrata
663 2516 776 2548 auspicio
791 2516 883 2540 E²FA
983 2515 1017 2541 24
1036 2516 1148 2549 meliora]
1170 2518 1202 2541 ad
1221 2518 1325 2542 meliora
1340 2518 1424 2545 Elvll,
1444 2528 1490 2542 om.
1506 2520 1526 2539 ¹1
1590 2517 1691 2549 iterum]
1713 2519 1810 2542 iim-rim
1825 2522 1844 2538 Η

189 2557 223 2582 213
242 2557 352 2590 quidem]
372 2559 496 2590 siquidem
511 2559 550 2582 Pa
645 2558 676 2583 Ξῖ
697 2558 798 2591 genius]
814 2559 995 2590 12‘2Jx'PMZN,
1014 2569 1095 2592 genus
1109 2561 1300 2585 Lls¹l²tt2XE
1316 2561 1475 2592 (adscribens
1493 2561 1542 2585 ‘uel
1555 2570 1618 2593 gens
1632 2561 1672 2585 nel
1686 2562 1796 2592 genius's
1813 2561 1844 2586 ,1,

190 2601 237 2625 sne.
255 2601 291 2625 0¹
362 2606 435 2634 grata
454 2610 480 2626 u.
499 2602 574 2626 turba
596 2601 636 2625 Ε2
741 2601 774 2626 28
793 2603 877 2634 digtas
896 2603 923 2627 E
991 2604 1168 2636 imperantium
1188 2604 1288 2628 I‘Dlffl
1395 2604 1427 2629 29
1447 2605 1602 2636 conspicitur
1619 2605 1663 2627 (Al

295 2722 319 2753 l)
341 2723 426 2747 vicero
440 2723 514 2747 anl.
532 2725 569 2751 12,
582 2726 626 2747 46.-
645 2724 681 2747 ait
694 2724 842 2748 Aristoteles
861 2723 898 2753 (in
916 2724 1067 2755 deperdt'lt's;
1086 2726 1118 2756 tf.
1134 2725 1198 2749 lame
1212 2726 1356 2749 Aristotelis
1367 2726 1518 2757 frassinetum
1534 2734 1553 2749 ι’.
1569 2727 1629 2756 137).
1648 2734 1714 2755 cnm,
1734 2725 1842 2748 sublatis

189 2765 214 2788 in
228 2765 315 2789 Sicilia
334 2767 456 2798 tyrannis,
477 2775 515 2790 res
535 2767 651 2798 privatae
671 2767 747 2799 longo
767 2768 902 2792 intervallo
922 2768 1022 2791 iudiciis
1041 2773 1222 2800 repeterentur,
1243 2774 1295 2793 111111
1316 2769 1433 2800 primuni.
1453 2768 1518 2799 quod
1538 2772 1602 2791 essct
1621 2772 1695 2791 acuta
1718 2768 1759 2791 illa
1779 2777 1841 2799 gens

189 2812 213 2832 et
231 2812 390 2833 controversa
412 2814 510 2837 natura,
530 2814 608 2834 artem
628 2814 651 2833 vt
672 2814 807 2842 praccepta
827 2812 925 2835 Siculos
944 2812 1063 2835 voracem
1083 2815 1106 2835 et
1126 2813 1221 2836 Tisiam
1242 2811 1428 2843 conscripsisse.

1924 508 1941 535 ιἿ

1921 872 1938 897 (ἰ
