2279 3261
740 182 934 208 VARIARVM
956 182 1015 213 XII,
1036 184 1075 209 19.
1095 184 1136 210 20.
1156 184 1195 210 21.
1735 191 1795 219 377

142 271 253 298 nostra
278 268 506 309 praeceptione
532 269 718 300 commoniti
744 272 776 299 et
801 269 892 310 regia
916 270 1059 301 iussione
1084 271 1190 302 securi
1207 276 1391 303 sanctorum
1411 284 1489 304 vasa
1508 284 1578 304 cnm
1599 273 1795 313 obligatione

142 319 348 361 chirographi
379 320 544 351 actoribus
576 321 679 351 sancti
704 321 793 352 Petri
823 322 962 362 apostoli
993 322 1061 353 sinc
1092 323 1199 364 aliqua
1223 323 1377 355 dilatione
1403 325 1579 359 refundite,
1613 330 1644 355 ut
1671 326 1796 356 lucrose

142 371 269 402 reddita
298 372 446 402 celeriter
475 372 650 414 impetrare
682 373 852 404 videantur
877 377 1002 414 optata:
1039 374 1221 405 referantur
1245 376 1394 406 manibus
1420 377 1590 407 levitarum
1617 377 1797 408 ministeria

143 425 208 452 toto
239 422 316 453 orbe
346 423 520 454 narranda:
554 424 692 455 donetur
722 424 805 465 quod
830 425 995 466 proprium
1020 426 1094 460 fuit.
1129 426 1257 467 quando
1283 427 1366 458 iuste
1391 438 1448 469 per
1474 429 1657 469 largitatem
1683 429 1797 471 recipit

142 474 225 515 quod
259 475 410 506 sacerdos
441 476 569 517 legibus
600 477 765 517 obligavit.
818 476 1011 518 Superatuni
1042 480 1091 507 est
1124 479 1309 519 exemplum
1341 479 1425 520 quod
1456 480 1487 510 in
1518 481 1653 511 historia
1683 485 1795 511 nostra
1824 488 1833 504 ἵν

142 536 259 567 magna
284 527 463 558 intentione
490 528 669 559 retulimus.
709 539 781 559 nam
800 539 872 559 cum
890 539 947 559 rex
966 529 1116 559 Alaricus
1135 529 1224 560 urbis
1242 530 1368 562 Romae
1385 531 1640 573 depraedatione
1660 533 1795 563 satiatus

142 579 280 619 apostoli
299 579 385 610 Petri
410 590 488 610 vasa
506 580 573 610 suis
590 579 812 611 deferentibus
831 580 1027 621 excepisset,
1054 591 1128 611 mox
1146 585 1180 612 ut
1198 582 1244 612 rei
1263 592 1395 613 causam
1413 583 1522 614 habita
1541 584 1795 625 interrogatione

141 630 300 670 cognovit.
325 631 424 662 sacris
450 631 613 662 liminibus
638 631 803 673 deportari
827 631 1047 673 diripientium
1073 633 1221 663 manibus
1247 634 1426 675 imperavit.
1452 639 1486 665 ut
1511 635 1688 677 cupiditas,
1713 647 1795 677 quac

141 681 402 723 depraedationis
434 683 558 714 ambitu
589 683 767 715 admiserat
797 684 919 720 scelus,
952 684 1125 715 devotione
1150 685 1335 726 largissima
1359 686 1486 717 deleret
1511 698 1692 718 excessum.
1739 688 1795 718 sed

141 733 217 774 quid
249 734 380 770 mirum,
418 735 443 765 si
474 735 652 766 reverenda
683 739 868 766 sanctorum
900 736 1040 778 diripere
1071 737 1188 772 noluit.
1224 738 1277 779 qui
1307 742 1397 769 tanta
1427 750 1461 769 se
1491 739 1580 769 urbis
1612 740 1794 770 vastatione

141 785 275 816 ditavit‘.t
321 786 394 817 Rex
418 790 525 817 autem
551 791 660 818 noster
685 788 837 828 religioso
862 788 1026 830 proposito
1045 788 1187 820 reddidit
1204 800 1291 827 vasa,
1317 800 1399 831 quac
1418 791 1486 821 iure
1506 791 1650 832 pignoris
1670 792 1798 833 propria

142 837 336 869 videbantur
360 839 486 870 effecta.
534 843 566 870 et
592 839 663 871 idco
689 840 809 871 talibus
835 840 929 871 factis
955 841 1108 882 frequens
1126 845 1312 882 praestetur
1329 842 1443 877 oratio.
1469 842 1597 884 quando
1615 843 1701 874 laeta
1720 855 1794 874 eon-

142 889 213 920 cedi
239 901 334 931 posse
361 890 532 927 credimus.
558 903 630 923 cuin
657 892 901 923 retributitmcm
929 893 1020 923 bonis
1045 892 1170 924 actibus
1196 894 1410 935 postulamus.

921 1041 1013 1071 xxi.

406 1110 667 1141 Dnusnnnlr
692 1110 883 1142 scalssAn
909 1111 1176 1142 RAVENNATI
1203 1110 1412 1141 anA'roa
1436 1103 1530 1141 Pro.

246 1180 431 1210 Scribarum
457 1180 597 1211 officium
624 1181 782 1211 securitas
808 1181 892 1211 solet
915 1192 987 1211 csse
1014 1185 1214 1211 cunctorum.
1240 1180 1368 1221 quando
1394 1180 1442 1210 ius
1461 1181 1602 1211 omnium
1621 1181 1689 1211 eius
1706 1181 1793 1211 solli-

142 1231 281 1261 citudine
312 1231 499 1262 custoditur.
546 1233 628 1263 alios
659 1232 745 1262 enim
775 1232 1017 1274 depopulantur
1042 1232 1205 1264 incendia:
1241 1232 1322 1263 alios
1347 1232 1447 1263 nudat
1472 1233 1588 1263 furtiva
1615 1233 1795 1275 subreptio:

142 1284 307 1314 nonnullis
336 1284 547 1325 neglegentia
576 1285 659 1326 perit
688 1285 774 1326 quod
804 1285 943 1325 diligens
974 1288 1088 1315 auctor
1116 1284 1269 1325 adquirit:
1305 1284 1361 1315 sed
1391 1284 1430 1315 de
1456 1284 1517 1315 tide
1543 1285 1672 1326 publica
1699 1286 1793 1316 robu-

143 1335 283 1366 stissime
309 1340 477 1377 reparatur
502 1337 653 1378 quicquid
678 1348 696 1368 a
720 1338 854 1379 privatis
879 1339 1045 1368 amittitur.
1092 1337 1289 1379 Diligentior
1315 1342 1364 1368 cst
1387 1338 1417 1368 in
1443 1338 1557 1368 alienis
1576 1348 1670 1378 quam
1690 1342 1798 1379 potest

142 1398 215 1418 esse
240 1398 317 1419 cura
340 1387 380 1419 de
405 1389 558 1430 propriis:
584 1400 645 1420 non
670 1389 853 1420 admonitus
878 1390 956 1420 facit
980 1389 1065 1431 quod
1090 1390 1144 1420 vix
1167 1393 1300 1430 rogatus
1323 1389 1474 1430 impleret
1492 1393 1524 1420 et
1542 1391 1716 1431 requisitus
1736 1401 1797 1420 non

142 1443 251 1480 potest
282 1450 402 1481 negare
435 1440 519 1481 quod
551 1441 577 1471 is
609 1441 700 1472 cuius
732 1442 868 1473 interest
901 1452 934 1472 sc
966 1442 1088 1472 fatetur
1119 1441 1278 1472 amisisse.
1331 1442 1505 1472 armarium
1535 1442 1637 1483 ipsius
1666 1443 1796 1473 fortuna

142 1495 331 1522 cunctorum
356 1495 404 1523 cst
429 1495 461 1522 et
485 1493 598 1523 merito
625 1494 785 1534 refugium
809 1493 951 1524 omnium
977 1493 1101 1527 dicitur.
1128 1493 1182 1524 ubi
1204 1494 1426 1525 universorum
1445 1494 1605 1524 securitas
1625 1494 1796 1525 invenitur.

141 1543 180 1574 ad
206 1547 343 1585 paterna
368 1545 482 1575 transit
507 1545 622 1578 officia.
648 1546 673 1575 si
698 1546 882 1587 incorrupte
908 1546 949 1575 sit
972 1546 1090 1576 veritas
1109 1545 1281 1576 custodita.
1322 1556 1395 1576 nam
1413 1546 1496 1576 sieut
1514 1545 1651 1587 diligens
1670 1547 1797 1587 genitor

141 1599 249 1626 servat
273 1596 358 1637 quod
383 1597 505 1627 otiosus
531 1608 700 1629 successor
724 1598 877 1631 inveniat.
903 1599 947 1628 sic
973 1598 1096 1629 arbiter
1120 1598 1259 1639 partium
1283 1598 1405 1628 nullum
1425 1598 1544 1638 patitur
1563 1598 1692 1639 propria
1709 1598 1796 1628 utili-

142 1652 207 1679 tate
233 1647 384 1679 fraudari.
431 1648 473 1679 Et
497 1649 567 1680 ideo
592 1653 702 1681 tantae
727 1650 773 1681 rei
798 1650 917 1690 iugiter
941 1649 1160 1691 praecipimus
1186 1660 1259 1681 esse
1284 1649 1469 1680 custodem.
1501 1653 1535 1680 ut
1560 1650 1611 1690 qui
1638 1650 1795 1680 hactenus

1613 1139 1641 1159 (ι.
1661 1131 1798 1159 552315ἑῖ7

141 1700 182 1730 de
214 1701 401 1741 integritate
432 1701 599 1742 placuisti.
635 1702 724 1732 nulla
755 1701 875 1732 debeas
905 1702 1063 1732 varietate
1094 1701 1223 1732 fuscari.
1274 1701 1346 1732 vide
1377 1701 1463 1742 quod
1493 1701 1551 1732 tibi
1585 1702 1826 1732 committitur-2

142 1752 275 1793 antiqua
299 1751 380 1783 fides
406 1756 438 1783 et
463 1752 627 1783 cotidiana
651 1753 830 1794 diligentia.
869 1753 990 1783 dirimis
1016 1754 1212 1794 iurgantium
1237 1753 1342 1784 litem:
1368 1753 1454 1795 apud
1473 1757 1607 1784 cunctos
1626 1753 1795 1794 praesules

142 1803 181 1834 dc
206 1807 261 1834 tua
285 1814 362 1834 cura
386 1805 534 1845 litigatur
558 1808 590 1836 et
606 1808 639 1835 tu
656 1806 765 1846 potius
784 1805 918 1838 iudicas.
945 1805 997 1846 qui
1016 1816 1186 1836 causarum
1205 1805 1310 1836 vincla
1328 1804 1488 1836 dissolvis.
1528 1805 1587 1835 hoc
1607 1805 1795 1836 honorabile

141 1856 250 1890 decus,
276 1855 507 1897 indisputabile
532 1857 768 1888 testimoninm:
795 1868 858 1887 vox
883 1857 1016 1898 antiqua
1042 1857 1225 1887 chartarum
1252 1868 1322 1887 cum
1347 1857 1386 1887 de
1405 1857 1467 1887 tuis
1486 1857 1591 1898 adytis
1610 1858 1797 1899 incorrupta

141 1907 349 1949 processerit.
379 1909 562 1949 cognitores
595 1912 784 1940 reverenter
812 1909 991 1950 excipiunt:
1028 1909 1191 1950 litigantes
1223 1909 1369 1950 quamvis
1395 1909 1534 1950 improbi
1559 1910 1662 1940 coacti
1687 1912 1795 1939 tamen

141 1959 328 1990 oboediunt.
376 1963 407 1991 et
436 1971 507 1991 cum
538 1961 586 1991 fas
616 1961 657 1991 sit
685 1961 920 2003 promulgatam
953 1961 1144 1992 sententiam
1176 1961 1347 2003 suspendi,
1381 1961 1438 1992 tibi
1468 1972 1532 1992 non
1562 1961 1637 1992 licet
1662 1961 1795 1991 obviari.

142 2011 304 2046 Quocirca
335 2023 397 2043 non
431 2012 553 2044 habeas
585 2013 701 2044 venale
734 2014 945 2055 propositum.
998 2013 1085 2044 tinea
1117 2012 1383 2044 documentorum
1417 2016 1466 2044 est
1497 2013 1617 2044 oblatio
1651 2013 1793 2054 maligna

143 2063 348 2100 redimentis,
381 2063 456 2094 dum
481 2068 640 2106 quaerunt
665 2076 855 2096 consumere
880 2065 963 2107 quod
990 2077 1024 2095 se
1049 2065 1263 2106 cognoverint
1287 2065 1455 2107 impedire.
1503 2070 1615 2107 pascat
1640 2068 1670 2095 te
1697 2065 1796 2096 editio

142 2115 262 2146 decora
286 2116 446 2147 veritatis:
473 2117 612 2148 facultas
638 2120 693 2148 tua
718 2118 877 2149 habeatur
902 2118 1083 2157 integritas.
1131 2117 1171 2147 da
1195 2118 1383 2159 petentibus
1410 2129 1492 2158 quae
1515 2118 1589 2147 olim
1609 2118 1690 2147 sacta
1712 2122 1795 2147 sunt.

246 2237 421 2270 BZNKEOE)

248 2315 258 2339 l
280 2316 371 2349 securi]
398 2318 543 2342 commoniti
564 2318 604 2341 Za
692 2317 858 2350 obligatione]
888 2319 1016 2343 ablatione
1039 2318 1064 2342 l<
1184 2317 1199 2341 2
1218 2317 1361 2350 cirographi
1380 2318 1419 2341 rel
1437 2318 1589 2349 cyrographi
1611 2318 1709 2349 reliqui,
1735 2318 1797 2341 cir-1·

142 2359 241 2391 graphy
261 2358 285 2382 B
359 2360 498 2393 actoribus]
520 2361 551 2391 B,
570 2361 718 2385 auctoribus
739 2361 850 2391 KEFA,
868 2362 1064 2386 auctoritatibus
1084 2361 1136 2385 ΖΝ
1197 2355 1266 2386 Ιιιῧεθ
1286 2360 1325 2384 E¹
1437 2360 1453 2384 3
1473 2361 1605 2393 impetrata
1628 2360 1671 2384 ⁴[¹¹
1737 2363 1798 2385 rete-

143 2401 243 2434 rantur]
263 2403 410 2428 deterantur
429 2404 461 2434 N,
481 2405 620 2428 reddantur
640 2404 666 2428 Ι(
768 2403 784 2428 4
803 2404 914 2437 quando]
935 2405 1054 2436 quoniam
1075 2405 1097 2428 A
1167 2405 1260 2436 recepit
1280 2404 1306 2428 E
1405 2404 1420 2427 ἴ)
1439 2402 1516 2435 quod]
1537 2404 1580 2435 qui
1599 2404 1629 2427 A*
1719 2404 1734 2428 6
1754 2414 1796 2428 rex

144 2453 192 2468 0111.
212 2445 241 2468 X
290 2446 400 2471 alaricus
420 2456 468 2471 om.
485 2447 519 2471 15¹
611 2446 625 2470 7
644 2448 814 2471 ‹lesetentibus
827 2447 867 2471 Ει
956 2446 971 2471 S
991 2447 1131 2471 luminibus
1145 2446 1193 2471 EA
1275 2447 1306 2471 10
1324 2447 1520 2471 reuerendorum
1537 2447 1585 2471 ΚΑ
1641 2447 1797 2479 sanctorum]

144 2497 163 2513 s.
184 2497 247 2513 uasa
269 2489 294 2513 l<
365 2490 477 2522 deripere
498 2490 517 2514 ,1
596 2499 622 2514 se
642 2500 689 2514 om.
710 2490 739 2514 A·
805 2491 890 2515 uerbis
910 2490 937 2514 l='
1047 2490 1075 2514 ll
1096 2491 1212 2515 dilatauit
1231 2491 1283 2514 ΖΝ
1350 2494 1434 2515 uester
1454 2490 1477 2514 A
1549 2492 1627 2515 reddit
1648 2491 1675 2514 N
1743 2492 1796 2523 pig*

144 2533 211 2556 neris
233 2532 283 2556 EF
386 2532 417 2557 12
437 2532 564 2566 frequens]
585 2542 703 2566 praesens
723 2534 775 2557 ΖΝ
835 2533 945 2566 quando]
966 2534 1084 2566 quoniam
1105 2534 1128 2558 A
1233 2534 1263 2559 15
1282 2542 1336 2558 esse
1355 2543 1402 2558 om.
1417 2534 1446 2557 K
1501 2532 1611 2565 quando]
1632 2534 1752 2565 quoniam
1773 2535 1795 2557 ⁴l

148 2574 175 2599 17
197 2576 326 2600 nonnullis
345 2576 516 2609 neglegentia]
538 2577 718 2601 mmuullorum
739 2577 767 2600 N
838 2581 908 2602 actor
928 2577 956 2601 K
1065 2576 1096 2601 18
1115 2578 1267 2602 ammittitur
1286 2577 1318 2607 B,
1337 2578 1480 2601 admittitur
1499 2577 1576 2600 ΖΚΓ
1685 2576 1714 2600 19
1734 2586 1796 2601 eura

144 2627 198 2643 esse
217 2619 243 2643 E
373 2619 407 2644 20
432 2621 452 2644 is
476 2629 523 2645 om.
544 2620 567 2644 B
654 2620 785 2644 admisisse
805 2620 875 2644 E²F
999 2619 1032 2644 22
1056 2619 1086 2652 si]
1113 2621 1145 2644 sit
1165 2621 1187 2644 21
1281 2621 1427 2652 incorrupta
1447 2620 1497 2643 NA
1634 2619 1667 2643 ‘23
1690 2619 1794 2651 otiosus]

144 2662 243 2686 occisus
263 2662 291 2686 N
370 2662 490 2695 partium]
509 2664 607 2695 scripsi,
625 2664 717 2687 artium
737 2663 795 2687 libri
910 2661 943 2687 24
963 2662 1142 2695 praec-ipimus]
1169 2672 1192 2695 p.
1212 2667 1236 2687 te
1256 2663 1308 2687 EF
1421 2662 1455 2688 25
1474 2663 1534 2694 quid
1554 2662 1577 2685 I}
1695 2661 1727 2685 ‘2¹3
1748 2663 1795 2686 fide

144 2706 232 2730 malim
319 2706 424 2739 dirimis]
443 2707 554 2731 diximus
573 2706 603 2730 N
686 2705 764 2738 litem]
790 2707 873 2731 lucem
894 2706 922 2730 X
1039 2705 1072 2730 27
1092 2710 1117 2730 et
1134 2705 1172 2738 tu]
1197 2707 1241 2737 qui
1260 2706 1287 2730 E
1372 2707 1476 2730 uincula
1497 2705 1544 2730 EA
1669 2705 1702 2729 2⁸
1722 2710 1795 2729 testo-

145 2750 256 2774 monium
276 2749 301 2773 R
402 2750 494 2774 additis
514 2750 616 2779 KE2F,
643 2750 743 2774 actibus
763 2749 802 2773 E¹
939 2750 972 2773 ⁶29
992 2750 1157 2782 praecesserit
1175 2749 1251 2774 EFA
1392 2749 1426 2774 30
1444 2749 1484 2781 sit]
1514 2750 1548 2773 sis
1568 2749 1591 2772 Z
1686 2749 1795 2780 promul-

144 2796 246 2825 gantam
267 2793 291 2816 Z
368 2793 473 2817 obuiare
494 2793 536 2816 Est
651 2793 681 2817 31
703 2791 808 2824 habeas]
830 2793 886 2824 EF,
913 2793 1005 2817 habeat
1024 2792 1149 2817 BZNKA
1204 2793 1280 2817 timea-
1303 2793 1327 2816 Ι(
1442 2793 1475 2817 32
1495 2796 1672 2824 cugnouerunt
1696 2791 1795 2815 lx'fflffli

196 2836 287 2860 edictio
306 2835 333 2859 F

249 2881 432 2908 Caseiononvs.
1608 2879 1641 2905 48

1818 748 1841 765 lo

1817 1188 1837 1206 15

1816 1449 1840 1467 21)

1815 1967 1839 1985 30

1861 1340 1878 1368 2
