2279 3261
791 180 987 206 VARIARVM
1009 180 1039 209 V.
1058 181 1100 206 41.
1120 181 1160 207 42.
1743 185 1800 215 169

150 266 300 297 mittente
325 265 443 299 divina.
475 268 509 296 ut
533 266 573 297 ad
598 266 778 298 irrisionem
805 267 985 309 spectaculi
1011 268 1206 308 perveniret.
1238 268 1322 309 quod
1349 268 1449 299 falsae
1476 270 1641 309 religionis
1667 270 1805 301 ambitus

150 317 340 349 invenisset.
377 316 447 348 Hoc
466 317 530 348 Titi
548 319 693 359 potentia
709 318 909 360 principalis,
931 317 1113 348 divitiarum
1132 319 1264 359 profuso
1282 319 1424 355 flumine.
1451 321 1605 361 cogitavit
1622 321 1803 352 aediticium
1889 325 1906 351 5

150 370 228 406 fieri,
254 369 338 400 unde
364 372 462 410 caput
486 369 613 400 urbium
639 370 809 411 potuisset.
850 373 881 400 et
906 380 978 399 cum
997 369 1169 402 theatrum.
1195 371 1279 411 quod
1298 374 1347 401 cst
1364 371 1651 413 hemisphaerium.
1676 373 1802 405 Graece

150 421 285 459 dicatur,
311 420 585 462 amphitheatrum
604 422 696 462 quasi
712 422 743 452 in
761 431 859 452 unum
878 421 987 451 iuncta
1005 420 1067 451 duo
1087 421 1200 451 visoria
1225 426 1311 452 recte
1337 426 1464 453 constat
1489 435 1561 454 esse
1587 425 1802 456 nominatum:

150 473 202 503 ovi
233 472 343 514 specie
377 473 445 503 eius
481 473 635 503 harenam
667 473 880 509 concludens,
917 476 951 503 ut
988 476 1020 503 et
1057 474 1260 504 currentibus
1294 477 1403 515 aptum
1436 475 1568 506 daretur
1597 477 1737 518 spatium
1772 482 1804 508 et
1835 485 1845 502 ⁵

151 526 338 566 spectantes
371 523 479 555 onmia
511 524 638 555 facilius
672 525 835 563 viderent⁷
872 524 947 555 dum
980 524 1138 565 quaedam
1175 526 1301 566 prolixa
1337 526 1516 557 rotunditas
1554 528 1703 559 universa
1738 529 1802 559 col-

149 576 284 617 legerat.
333 575 402 606 Itur
431 586 509 617 ergo
539 576 577 607 ad
608 577 700 613 talia.
733 587 815 618 quae
846 577 996 618 refugere
1027 576 1160 607 deberet
1189 577 1383 609 humanitas.
1431 579 1551 619 primus
1582 580 1686 621 fragili
1718 582 1804 622 ligno
1888 584 1906 611 6

149 628 289 659 confisus
314 628 412 658 currit
435 627 475 658 ad
501 639 556 659 ora
580 629 750 659 beluarum
782 632 813 660 et
844 628 937 664 illud,
968 628 1053 669 quod
1085 629 1172 669 cupit
1201 629 1356 663 evadere.
1386 640 1503 670 magno
1537 631 1647 672 inpetu
1676 632 1803 663 videtur

150 682 315 721 appetere.
367 679 437 721 pari
466 680 498 710 in
529 691 562 710 se
596 691 691 711 cursu
722 680 877 711 festinant
908 684 938 711 et
969 680 1142 722 praedator
1174 684 1206 711 et
1236 681 1358 721 praeda
1389 692 1449 712 nec
1480 683 1574 713 aliter
1606 687 1694 714 tutus
1730 695 1803 715 esse

150 734 271 773 potest,
303 731 364 761 nisi
395 731 484 766 huic.
516 742 611 772 quem
642 732 743 763 vitare
776 732 878 773 cupit.
909 732 1096 762 occurrerit.
1144 736 1219 762 tunc
1246 732 1277 762 in
1301 743 1376 763 aere
1402 734 1485 764 saltu
1511 735 1652 775 corporis
1678 736 1803 766 elevato
1825 743 1847 760 ¹0

150 783 242 824 quasi
268 786 377 813 vestes
402 783 590 814 levissimae
616 784 767 825 supinata
792 783 938 814 membra
965 783 1125 813 iaciuntur
1155 786 1187 814 et
1215 783 1346 825 quidam
1375 795 1469 815 arcus
1500 796 1675 827 corporeus
1707 798 1804 828 supra

150 834 279 866 beluam
304 834 453 872 libratus,
484 834 558 865 dum
589 846 695 866 moras
727 835 915 866 discedendi
945 835 1037 869 facit.
1069 835 1127 866 snb
1152 835 1220 877 ipso
1246 836 1402 866 velocitas
1427 837 1532 868 ferina
1555 838 1702 869 discedit.
1750 839 1802 869 Sic
1890 841 1905 869 7

149 886 277 925 accidit,
301 890 336 917 ut
360 887 413 917 ille
438 887 543 928 magis
569 887 672 928 possit
696 887 803 918 mitior
827 887 938 922 videri,
964 887 1016 928 qui
1042 887 1199 928 probatur
1224 888 1330 918 illudi:
1361 888 1445 919 alter
1469 890 1595 930 angulis
1621 890 1651 920 in
1674 890 1802 931 quadri-

149 938 231 969 faria
255 938 365 969 mundi
389 938 616 970 distributione
642 939 820 980 conpositis
844 939 971 969 rotabili
996 939 1152 969 facilitate
1178 950 1389 980 praesumens
1412 951 1475 970 non
1497 941 1694 972 discedendo
1713 942 1803 983 fugit.

149 1000 213 1020 non
231 1001 265 1021 se
283 990 409 1031 longius
426 990 575 1021 faciendo
593 991 740 1025 discedit.
766 991 912 1031 sequitur
929 991 1165 1031 insequentem.
1190 991 1366 1032 poplitibus
1385 1002 1418 1022 se
1444 992 1583 1023 reddens
1609 994 1801 1035 proximum.
1824 1002 1844 1019 ¹⁵·

150 1045 185 1072 ut
217 1052 271 1072 ora
301 1042 381 1073 vitet
413 1053 578 1073 ursorum:
615 1043 671 1073 ille
705 1043 736 1072 in
767 1045 896 1073 tenuem
929 1042 1074 1083 regulam
1105 1046 1217 1073 ventre
1250 1052 1426 1084 suspensus
1457 1044 1572 1074 invitat
1601 1045 1803 1076 exitiabilem

149 1093 250 1124 feram
269 1097 300 1124 et
317 1093 377 1125 nisi
394 1095 597 1136 periclitatus
622 1095 729 1129 fucrit.
753 1094 798 1125 nil
823 1093 908 1124 unde
933 1094 1043 1124 vivere
1068 1094 1172 1135 possit
1196 1094 1348 1135 adquirit:
1375 1095 1457 1126 alter
1482 1107 1516 1126 se
1541 1096 1690 1137 gestabili
1714 1108 1804 1129 muro
1888 1099 1906 1128 8

151 1156 326 1177 cannarum
352 1150 463 1177 contra
487 1147 708 1178 saevissimum
734 1146 864 1180 animal.
891 1146 979 1177 ericii
1005 1146 1167 1187 exemplo,
1192 1149 1376 1187 receptatus
1400 1147 1543 1178 includit.
1569 1148 1621 1189 qui
1648 1149 1754 1180 subito
1772 1150 1803 1180 in

150 1201 261 1239 tergus
287 1208 380 1228 suum
405 1198 571 1240 refugiens
597 1199 680 1229 intra
705 1210 739 1229 se
765 1199 922 1229 collectus
947 1198 1158 1229 absconditur
1183 1202 1215 1229 et
1240 1209 1312 1228 cum
1338 1209 1494 1240 nusquam
1513 1199 1710 1232 discesserit.
1735 1202 1803 1231 eius

150 1250 379 1291 corpusculum
412 1261 475 1281 non
509 1250 647 1283 videtur.
694 1262 767 1282 nam
799 1251 882 1281 sicut
911 1251 965 1281 ille
996 1251 1147 1281 veniente
1179 1251 1339 1281 contrario
1371 1251 1536 1281 revolutus
1567 1251 1598 1282 in
1631 1252 1801 1293 sphaeram
1824 1262 1847 1278 ²0

150 1302 353 1333 naturalibus
385 1302 576 1334 defensatur
605 1303 741 1341 aculeis,
775 1303 819 1333 sie.
850 1303 911 1333 iste
945 1302 1095 1332 consutili
1125 1306 1211 1333 crate
1242 1302 1447 1343 praecinctus
1479 1303 1630 1333 munitior
1660 1304 1805 1335 redditur

149 1354 327 1395 fragilitate
346 1365 533 1387 cannarum.
573 1356 638 1386 Alii
657 1355 759 1386 tribus
777 1358 812 1385 ut
830 1355 876 1386 ita
892 1354 1030 1385 dixerim
1056 1354 1221 1395 dispositis
1247 1354 1369 1385 ostiolis
1395 1357 1539 1395 paratam
1566 1355 1596 1384 in
1623 1366 1656 1385 sc
1681 1355 1803 1386 rabiem
1888 1358 1906 1385 9

149 1417 326 1448 provocare
345 1410 568 1448 praesumunt.
593 1408 624 1438 in
649 1408 774 1449 patenti
798 1418 875 1438 area
900 1407 1090 1437 cancellosis
1117 1416 1150 1437 se
1175 1406 1322 1447 postibus
1348 1406 1545 1441 occulentes.
1572 1407 1666 1437 modo
1691 1408 1802 1441 facies,

149 1458 245 1489 modo
275 1461 369 1500 terga
398 1462 634 1495 monstrantes,
666 1463 700 1490 ut
729 1459 845 1490 mirum
875 1459 916 1489 sit
941 1458 1081 1489 evadere
1106 1469 1186 1499 quos
1213 1458 1257 1488 ita
1281 1458 1416 1499 respicis
1442 1469 1500 1499 per
1524 1458 1652 1489 leonum
1678 1470 1803 1500 ungues

148 1510 328 1552 dentesque
352 1511 498 1542 volitare.
540 1511 634 1542 Alter
658 1511 780 1542 labenti
806 1513 876 1541 rota.
900 1510 978 1541 feris
1004 1510 1148 1540 offertur:
1174 1509 1288 1540 cadem
1315 1510 1396 1540 alter
1421 1510 1564 1550 erigitur,
1590 1514 1624 1541 ut
1649 1511 1801 1552 periculis
1823 1520 1846 1537 2¹5
1872 1514 1906 1542 10

149 1562 327 1594 auferatur.
369 1563 413 1593 sic
430 1562 512 1594 haec
530 1563 680 1593 machina
697 1562 737 1593 ad
759 1562 847 1593 infidi
871 1561 981 1592 mundi
1006 1562 1145 1592 formata
1169 1561 1358 1602 qualitatem
1386 1561 1463 1592 istos
1489 1573 1546 1603 spe
1572 1562 1706 1595 refovet.
1732 1563 1803 1593 illos

148 1614 262 1644 timore
287 1613 476 1645 discruciat:
510 1615 659 1645 omnibus
684 1618 792 1645 tamen
818 1614 974 1647 vicissim,
1004 1617 1039 1643 ut
1071 1613 1223 1654 decipere
1253 1613 1368 1654 possit,
1398 1613 1528 1643 arridet.
1576 1614 1723 1655 Longum
1755 1618 1804 1645 est
1872 1617 1900 1644 11

150 1676 207 1707 per
231 1668 279 1696 tot
303 1666 521 1707 periculorum
547 1677 639 1698 casus
665 1666 868 1698 sermonibus
895 1665 1037 1706 evagari.
1084 1664 1141 1695 sed
1166 1668 1241 1706 apte
1265 1664 1464 1705 iungendum
1490 1668 1553 1699 est.
1584 1665 1671 1706 quod
1695 1667 1739 1696 ait
1764 1665 1803 1697 de

148 1717 259 1749 inferis
278 1717 475 1749 Mantuanus
490 1718 528 1758 1);
554 1719 626 1760 quis
652 1719 811 1749 scelerum
837 1716 1115 1758 comprehendere
1142 1716 1273 1749 formas,
1298 1717 1369 1758 quis
1394 1717 1502 1747 onmia
1526 1727 1703 1758 poenarum
1728 1728 1802 1759 per-

149 1780 278 1801 currere
302 1770 433 1800 nomina
457 1770 581 1811 possit?
621 1770 679 1801 sed
703 1770 806 1808 vobis,
832 1769 946 1811 quibus
972 1779 1104 1799 neeesse
1131 1772 1179 1799 cst
1204 1769 1282 1799 talia
1306 1768 1433 1810 populis
1459 1768 1626 1806 exhibere„
1652 1769 1802 1810 largitate
1822 1777 1846 1793 ³0

149 1833 264 1853 manus
293 1822 417 1853 fundite
447 1823 608 1863 praemia,
641 1826 676 1853 ut
704 1822 784 1853 haee
814 1821 940 1852 miseris
970 1821 1097 1851 faciatis
1129 1832 1201 1851 esse
1227 1821 1343 1852 votiva.
1390 1820 1531 1861 alioquin
1556 1821 1700 1851 violenta
1725 1831 1801 1851 con-

149 1873 254 1914 pulsio
279 1876 329 1903 est
354 1873 522 1904 sollemnia
546 1873 631 1903 dona
656 1873 847 1904 subtrahere
873 1876 904 1903 ct
926 1875 1046 1902 mortes
1077 1871 1290 1903 detestabiles
1320 1872 1490 1913 imperare.
1538 1872 1580 1902 Et
1611 1872 1682 1903 idco
1713 1873 1801 1913 quic-
1871 1875 1905 1903 12

149 1924 223 1966 quid
248 1925 279 1955 in
304 1925 435 1966 longam
461 1925 729 1956 consuetudinem
754 1926 887 1967 antiqua
911 1926 1107 1956 liberalitate
1133 1926 1292 1966 pervenit.
1318 1925 1388 1956 sine
1413 1925 1522 1966 aliqua
1546 1925 1699 1955 dilatione
1725 1935 1800 1955 eon-

253 2037 430 2070 LRKPEOE)

252 2106 265 2131 1
294 2106 449 2140 inrisionem]
479 2108 622 2132 illusionem
646 2107 683 2131 ΛΘ
826 2106 842 2131 3
871 2108 978 2135 tortasse
1008 2107 1130 2139 patuisset
1244 2110 1281 2131 est
1309 2114 1355 2130 om.
1378 2106 1421 2130 Pa
1564 2105 1579 2130 4
1607 2107 1737 2130 nominata
1762 2105 1801 2129 1³¹

148 2150 164 2175 5
183 2149 235 2183 oui]
250 2150 371 2181 LRPA2,
394 2152 437 2183 qui
451 2151 571 2176 KEFAr
659 2152 741 2183 speeie
760 2151 815 2175 eius
834 2149 966 2182 harenam]
988 2151 1060 2180 Gar..
1085 2150 1193 2182 speciem
1217 2150 1271 2174 eius
1297 2150 1417 2179 (hlarena
1438 2151 1507 2173 (area
1524 2149 1620 2175 Ix'2E2]
1648 2149 1706 2173 libri
1729 2153 1750 2173 e!
1765 2148 1802 2172 ΑΘ

200 2198 225 2218 et
237 2193 409 2226 currentibus]
426 2198 451 2219 et
464 2195 675 2219 concurrentibus
686 2193 733 2218 ΕΑ
742 2198 760 2220 ¹,
780 2194 990 2219 concurrentibus
1002 2194 1023 2217 A
1112 2193 1128 2218 6
1143 2202 1256 2218 unuersa
1267 2193 1307 2216 La
1360 2193 1488 2225 colligeret
1500 2192 1563 2216 Pal?
1652 2191 1665 2216 7
1680 2193 1767 2224 fugere
1780 2192 1804 2215 E

201 2238 275 2262 debet
294 2237 321 2262 F
427 2237 443 2262 8
466 2238 589 2262 confusus
608 2238 674 2262 PF²
751 2238 846 2270 impetu
866 2237 938 2269 (petu
958 2236 1010 2267 Pa)
1031 2235 1092 2268 uid.]
1119 2245 1143 2261 u.
1168 2237 1225 2268 imp.
1244 2236 1268 2259 R
1380 2235 1395 2258 9
1415 2236 1517 2260 festinat
1538 2235 1625 2259 PFAe
1701 2240 1725 2260 et
1745 2240 1802 2259 ante

149 2281 282 2313 praedator
301 2289 348 2305 om.
365 2280 392 2304 F
499 2280 532 2305 10
554 2280 634 2313 eupit]
659 2284 739 2313 potest
764 2280 788 2304 F
861 2288 924 2305 iure
945 2280 1025 2304 L¹R²
1140 2278 1171 2304 1⁴2
1193 2278 1309 2309 libratus]
1334 2280 1440 2304 libentes
1461 2279 1499 2303 E¹
1577 2279 1739 2304 disceudemli
1759 2279 1802 2303 Ea

150 2322 181 2348 13
195 2332 259 2356 poss.
273 2332 340 2356 mag.
351 2324 378 2348 F
427 2325 539 2357 angulus
550 2323 639 2354 L¹J>a‚
658 2324 761 2356 augulis
775 2323 800 2347 K
888 2322 918 2347 14
937 2321 1125 2355 distributione]
1146 2327 1217 2355 parte
1232 2322 1270 2346 E¹
1325 2321 1479 2354 compositis]
1500 2322 1627 2354 dispositis
1641 2322 1681 2345 Ε-“
1736 2326 1800 2347 rota-

149 2366 202 2399 bili]
223 2367 333 2391 roborali
346 2367 374 2392 F
459 2367 491 2392 15
510 2368 649 2400 poblitibus
662 2366 740 2390 RKP
831 2366 862 2391 16
882 2365 1007 2398 regulam]
1027 2366 1156 2398 leugulam
1171 2366 1198 2390 F
1254 2364 1353 2397 uentre]
1373 2366 1460 2390 uenire
1472 2365 1536 2389 EAe
1595 2365 1766 2390 exsiciahilem
1780 2366 1801 2389 L

151 2409 180 2433 17
193 2410 304 2442 gestibili
316 2410 357 2434 La
441 2410 472 2434 18
485 2411 558 2435 mitti
571 2410 648 2443 (fort.
663 2410 744 2440 exitii)
755 2409 795 2434 F¹
881 2409 912 2433 15)
927 2413 1026 2441 tergum
1040 2409 1119 2433 KEF
1197 2408 1231 2433 ‘20
1243 2409 1268 2433 in
1282 2407 1423 2441 sphaeram]
1436 2409 1482 2439 ΑΒ,
1502 2409 1526 2432 in
1539 2416 1638 2440 speram
1650 2408 1775 2432 KPEFA
1783 2413 1802 2439 Υ,

149 2453 174 2477 in
188 2454 266 2478 feram
278 2453 326 2477 LR
407 2452 437 2477 21
457 2452 501 2485 sic]
517 2454 583 2478 sicut
594 2453 642 2479 IN.
660 2454 687 2477 fit
700 2453 739 2477 E¹
796 2451 926 2484 consutili]
940 2453 1079 2476 coustutuli
1091 2452 1131 2476 El
1215 2451 1248 2476 22
1262 2451 1315 2484 alii]
1331 2452 1407 2482 F²A‚
1427 2452 1482 2476 aliis
1496 2452 1587 2483 reliqui
1634 2450 1738 2483 ostiolis]
1755 2452 1802 2477 ΛΥ,

149 2496 250 2521 osteolis
264 2496 413 2526 LRKPA⁹‚
432 2496 596 2527 o(b)staculis
611 2496 685 2521 EF2.
704 2497 750 2520 inc.
766 2495 807 2519 F¹
876 2496 901 2519 in
920 2503 946 2519 se
966 2494 1069 2527 rabiem]
1085 2495 1187 2525 EF2A.
1206 2495 1366 2520 inserabilem
1380 2495 1487 2521 LRKP.
1506 2495 1553 2519 inc.
1569 2494 1610 2518 F¹
1710 2493 1743 2518 23
1763 2494 1798 2526 in]

149 2542 174 2563 et
195 2538 222 2563 in
241 2538 269 2562 F
344 2548 403 2564 arca
422 2539 460 2563 L¹
576 2538 609 2563 24
632 2540 733 2571 respicit
752 2538 792 2563 F¹
873 2539 970 2563 leonem
990 2538 1028 2562 L¹
1139 2537 1172 2563 26
1194 2539 1236 2562 fidi
1257 2538 1298 2562 La
1374 2537 1427 2570 spe]
1453 2539 1550 2570 s(a1epe
1569 2538 1642 2565 EA0,
1667 2538 1691 2561 in
1715 2546 1758 2569 spe
1778 2538 1805 2561 F

149 2580 182 2605 27
201 2582 320 2606 discutiat
333 2582 373 2607 E¹
443 2582 539 2614 tamen]
559 2587 645 2607 autem
659 2583 687 2606 F
788 2581 821 2606 28
841 2581 885 2614 ait]
906 2582 959 2614 agit
970 2581 1012 2605 F‘
1118 2580 1150 2605 ²29
1170 2583 1241 2605 form.
1262 2590 1355 2614 compr.
1369 2581 1393 2605 R
1496 2580 1530 2605 30
1548 2581 1621 2605 nobis
1635 2580 1662 2605 F
1725 2581 1799 2612 largi

149 2623 209 2657 tate]
224 2624 319 2655 LPAB,
338 2626 435 2658 largate
449 2626 593 2651 RKEFAr
605 2628 721 2657 *rbi-tasse
741 2630 804 2650 recte
908 2624 939 2649 31
960 2625 1055 2657 alioqui
1071 2625 1107 2648 A?
1179 2630 1216 2649 est
1235 2634 1317 2658 comp.
1332 2625 1356 2648 B
1461 2623 1494 2648 32
1513 2625 1579 2649 dona
1599 2633 1646 2648 om.
1663 2624 1689 2647 Is
1757 2625 1799 2647 im*

150 2668 247 2701 perare]
267 2677 385 2701 reparare
404 2670 432 2694 F
533 2669 566 2695 33
585 2671 701 2694 libertate
721 2669 765 2693 Fu

256 2780 281 2812 1)
303 2782 366 2806 Aen.
383 2785 406 2814 6,
421 2784 470 2807 625
479 2792 540 2815 seq„-
567 2784 622 2808 Nun
647 2783 707 2807 mihi
736 2783 756 2807 si
778 2783 883 2815 linguae
905 2786 1008 2807 centum
1031 2782 1082 2806 sint
1104 2790 1199 2814 oraque
1224 2785 1336 2811 centum,
1362 2782 1452 2805 Ferrea
1478 2789 1539 2809 vox,
1565 2788 1651 2803 omues
1676 2779 1798 2803 scelerum

151 2825 332 2857 comprendere
351 2826 453 2857 formaS‚
473 2827 565 2852 Omnia
585 2835 723 2859 poenarum
743 2834 889 2859 percurrere
907 2826 1011 2850 nomina
1030 2825 1131 2857 possim.

255 2870 439 2897 stuononvs.
1611 2867 1644 2892 22
