2279 3261
345 1300 363 1327 [ό

436 198 493 226 154
1152 188 1363 214 CASSIonom

431 281 595 323 potuerint
619 278 769 315 inveniri,
801 276 889 306 nullo
914 275 1092 306 obsistente
1116 274 1265 306 iubemus
1290 274 1429 313 abscidi,
1461 274 1535 315 quia
1560 274 1629 306 sine
1652 273 1850 316 praeiudicio
1874 272 2078 303 dominorum

430 333 518 374 operi
535 334 658 363 tantum
676 328 841 371 praesenti
859 327 1007 357 volumus
1031 326 1164 357 inventa
1188 325 1332 357 concedi.
1372 326 1480 356 mittat
1496 325 1604 356 Padus
1628 328 1740 357 noster
1764 325 1936 366 indigenas
1959 324 2077 365 pelago

427 394 526 415 naves
558 386 589 413 ct
618 381 722 415 abies,
753 390 835 421 quae
864 377 993 409 fluentis
1023 377 1157 408 amnicis
1186 376 1309 407 nutrita
1339 376 1494 413 surrexit,
1525 375 1721 406 marinarum
1752 385 1906 417 superare
1931 374 2078 405 cumulos

428 435 530 466 discat
558 433 725 463 undarum.
772 430 858 461 Illud
888 430 985 460 etiam
1015 438 1214 469 magnopere
1245 427 1441 458 credidimus
1475 427 1722 468 amputandum,
1755 427 1839 468 quod
1869 429 1979 457 vestra
2010 425 2078 456 fieri

397 495 408 511 5
428 486 636 527 suggestione
661 482 889 524 comperimus:
915 491 955 511 ne
980 481 1049 522 quis
1073 480 1105 510 in
1129 479 1315 510 fluminibus
1340 479 1503 520 navigeris
1528 477 1665 509 diversis
1690 478 1860 509 territoriis
1885 477 2078 516 meantibus,

388 752 411 770 10

385 1460 409 1478 Εὐ

389 2202 413 2220 30

428 537 459 568 id
492 540 542 568 est
572 536 603 566 in
627 535 746 566 Mincio
772 533 856 564 Ollio
880 532 1009 563 Ausere
1033 531 1123 562 Arno
1147 531 1274 567 Tiberi,
1305 529 1424 561 audeat
1453 530 1621 560 fluminum
1652 530 1761 560 alveos
1793 528 1941 571 piscandi
1972 528 2077 559 studio

428 587 615 630 turpissima
645 596 744 627 saepe
775 584 983 621 concludere,
1015 586 1047 614 et
1076 593 1158 624 quae
1188 586 1262 613 sunt
1290 584 1516 623 praesumpta,
1545 582 1693 623 protinus
1723 581 1921 612 auferantur.
1967 583 2080 622 pateat

429 639 532 671 amnis
556 639 588 669 in
612 638 742 668 navium
768 646 895 667 cursus:
922 634 1061 666 sufficiat
1086 634 1226 664 humano
1252 632 1413 664 desiderio
1435 633 1600 663 consuetis
1617 632 1740 663 artibus
1759 633 1894 664 delicias
1912 641 2079 673 quaerere,

430 702 493 722 non
518 692 701 721 commento
726 688 845 719 rustico
870 687 1055 718 libertatem
1080 686 1219 717 fluminis
1244 685 1416 727 impedire,
1448 695 1504 724 ne,
1538 685 1623 726 quod
1647 685 1709 716 dici
1732 686 1824 717 nefas
1853 687 1916 724 est,
1946 684 2079 714 utilitati

431 744 581 786 publicae
606 743 754 784 voluptas
779 741 904 783 privata
928 739 1094 771 obstitisse
1118 738 1276 769 videatur.

1192 895 1322 928 XVIII.

861 966 1052 998 VVILIAE
1074 960 1117 997 V·
1135 959 1166 997 I·
1193 965 1351 997 COMITI
1375 964 1647 996 PATRIMONH

1027 1016 1349 1049 THEODERIOUS
1374 1016 1477 1047 REX·
1667 1044 1696 1064 ιι.
1713 1033 1849 1073 5231521]
1865 1035 1938 1064 aute
1954 1033 2027 1064 Iun.
2041 1035 2082 1063 13

530 1089 664 1121 Utilitas
688 1088 819 1130 publica
843 1088 924 1119 sicut
947 1087 987 1119 ad
1011 1087 1292 1119 conservationem
1317 1086 1451 1128 respicit
1475 1086 1630 1124 omnium,
1654 1085 1700 1116 ita
1723 1084 1820 1116 debet
1844 1084 1955 1127 perfici
1976 1085 2080 1116 studio

425 1153 462 1172 ae
490 1141 601 1172 labore
632 1143 835 1173 cunctorum,
869 1140 944 1180 quia
974 1150 1112 1180 magnac
1142 1138 1248 1170 laudis
1280 1138 1408 1170 occasio
1437 1140 1504 1175 est,
1535 1138 1562 1168 si
1590 1137 1622 1168 in
1653 1147 1751 1168 causa
1775 1137 1937 1167 communi
1961 1136 2081 1178 aliquid

398 1201 406 1216 ’ν
427 1193 635 1234 singulariter
658 1191 808 1222 videatur
832 1191 970 1233 impleri.
1016 1191 1094 1221 facit
1119 1191 1204 1222 enim
1229 1189 1315 1221 unde
1341 1189 1587 1221 commendetur
1611 1193 1643 1220 et
1668 1189 1807 1230 reliquis,
1840 1189 1894 1230 qui
1919 1191 2025 1220 tamen
2051 1192 2082 1219 et

426 1246 489 1276 sibi
521 1256 555 1276 se
586 1244 748 1286 profuisse
784 1244 960 1284 cognoscit.
1010 1242 1135 1284 pridem
1168 1243 1268 1284 igitur
1301 1253 1359 1273 nos
1395 1242 1530 1272 iussisse
1568 1241 1756 1279 meministi,
1794 1244 1829 1271 ut
1863 1251 1921 1282 per
1954 1240 2081 1271 domum

427 1300 567 1327 nostram
586 1295 760 1337 navigandi
780 1298 1014 1336 quaererentur
1035 1295 1186 1325 artifices.
1226 1294 1315 1329 Quos
1339 1294 1399 1325 deo
1423 1293 1604 1324 auxiliante
1628 1293 1776 1334 provisos
1801 1292 1842 1323 ad
1858 1292 2082 1323 Ravennatem

426 1349 541 1381 urbem
572 1348 623 1379 die
654 1347 763 1378 iduum
792 1347 957 1378 Iuniarum
988 1346 1207 1388 praecipimus
1238 1346 1466 1377 incunctanter
1495 1355 1682 1381 occurrere,
1716 1348 1751 1375 ut
1781 1344 1940 1375 adventus
1972 1354 2082 1375 corum

428 1400 661 1431 constructioni
686 1399 815 1430 navium
842 1401 1023 1440 opportune
1049 1398 1197 1429 videatur
1222 1398 1340 1437 offerri,
1366 1408 1405 1428 nc
1431 1408 1482 1428 res
1509 1396 1632 1428 divisae
1658 1406 1817 1438 generare
1835 1396 1895 1427 sibi
1912 1395 2084 1426 videantur

429 1452 571 1493 aliquam
602 1451 788 1482 tarditatem
819 1454 851 1481 ct
880 1461 993 1492 parum
1023 1451 1065 1481 sit
1092 1461 1190 1480 unam
1223 1450 1396 1491 perficere,
1428 1449 1489 1479 nisi
1514 1449 1680 1489 contingat
1702 1451 1873 1488 utramque
1897 1457 2083 1488 procurare.

430 1504 464 1534 Si
495 1514 559 1545 qua
588 1503 685 1534 etiam
716 1513 773 1544 per
801 1503 903 1544 ripam
933 1502 1073 1533 fluminis
1097 1501 1178 1532 Padi
1208 1502 1297 1543 ligna
1326 1500 1524 1532 fabricandis
1554 1503 1631 1542 apta
1655 1499 1864 1531 dromonibus
1890 1499 1921 1529 in
1945 1498 2086 1540 praediis

429 1556 595 1597 regalibus
624 1555 789 1597 potuerint
818 1555 970 1596 reperiri,
1001 1554 1180 1585 artificibus
1209 1554 1283 1584 huic
1307 1553 1397 1595 operi
1421 1564 1440 1584 a
1464 1552 1636 1594 magnifico
1661 1551 1729 1582 viro
1755 1550 1966 1582 Abundantio
1992 1561 2086 1592 prae-

429 1608 512 1638 fecto
529 1607 693 1649 praetorio
711 1606 877 1648 deputatis
895 1605 1085 1637 abscidendi
1103 1606 1145 1636 sit
1168 1605 1328 1647 permissa
1351 1605 1492 1635 licentia.
1533 1604 1681 1634 volumus
1706 1603 1791 1634 enim
1816 1603 1877 1633 hoc
1902 1602 2086 1643 exemplum

431 1670 449 1689 a
473 1659 591 1689 nostris
616 1658 757 1700 praediis
782 1658 944 1695 incohare,
969 1661 1004 1689 ut
1028 1657 1108 1688 nulli
1132 1657 1240 1698 gravis
1264 1657 1305 1687 sit
1328 1656 1441 1695 iussio,
1465 1666 1548 1697 quac
1574 1655 1767 1696 constringit
1793 1658 1825 1685 ct
1849 1654 2039 1696 principem.

1187 1814 1332 1847 XVIIII.

801 1885 1072 1916 GUDINANDO
1098 1884 1252 1915 SAIONI
1277 1882 1598 1914 THEODERICUS
1623 1882 1724 1913 REX.

1669 1945 1698 1964 (ι.
1715 1936 1852 1971 5231526
1869 1937 1942 1964 [cnse
1958 1935 2030 1964 Ilm.
2047 1936 2087 1964 13

535 1989 659 2020 Maiora
683 1989 744 2020 sibi
769 1989 846 2019 facit
870 1989 973 2027 credi,
1007 1988 1151 2030 quisquis
1178 1988 1356 2019 efficaciter
1380 1987 1525 2017 iniuncta
1550 1987 1729 2028 peregerit,
1761 1986 1836 2027 quia
1867 1985 2088 2016 indubitanter

431 2041 475 2071 illi
501 2040 622 2082 aliquid
647 2041 856 2071 committitur
886 2041 938 2082 qui
969 2040 1090 2082 optime
1123 2039 1362 2081 comprobatur,
1393 2042 1425 2069 et
1456 2038 1627 2069 honestum
1659 2037 1847 2078 suffragium
1876 2040 1926 2068 cst
1955 2037 2087 2068 secundi

432 2092 541 2123 iudicii
565 2092 794 2123 documentum
821 2093 944 2134 prioris.
991 2096 1088 2133 atquc
1113 2091 1186 2122 ideo
1211 2091 1415 2122 ordinatione
1447 2090 1693 2131 magnificorum
1723 2090 1864 2120 virorum
1888 2089 2088 2120 Abundantii

430 2144 588 2185 praefecti
612 2145 774 2185 praetorio
800 2148 895 2185 atque
914 2144 1055 2175 VViliao
1086 2144 1213 2175 comitis
1244 2143 1427 2185 patrimonii
1459 2142 1499 2172 ad
1532 2142 1619 2172 illam
1649 2141 1849 2183 provinciam
1881 2144 1911 2172 te
1940 2141 2087 2172 iubemus

433 2206 621 2230 excurrere,
654 2199 689 2226 ut
719 2199 784 2226 tam
817 2196 856 2227 de
891 2196 985 2226 domo
1018 2195 1110 2236 regia
1141 2205 1236 2235 quam
1268 2195 1300 2224 in
1332 2194 1412 2224 locis
1444 2193 1517 2224 aliis
1550 2192 1734 2223 habitantes
1769 2191 1946 2223 secundum
1981 2192 2088 2233 priora

538 2315 762 2346 thlsssffvlfflv')

538 2393 547 2416 l
570 2397 706 2425 potuerunt
721 2393 771 2416 Pa.
790 2393 897 2424 potuerit
917 2392 946 2423 Il,
967 2396 1084 2424 poterunt
1099 2393 1134 2416 Ar
1195 2392 1278 2416 abcidi
1293 2391 1325 2421 H,
1344 2391 1458 2415 abscindi
1474 2389 1503 2414 F
1596 2391 1611 2413 *A
1631 2394 1730 2415 tantum
1751 2390 1849 2420 (malim.
1869 2389 1948 2413 tanto]
1969 2398 2006 2421 pr.
2026 2387 2086 2419 uol.]

432 2441 530 2461 tantum
555 2437 604 2460 11ιι1.
626 2445 705 2468 praes:
728 2436 784 2465 ΓΙ)1
808 2436 857 2459 nul.
878 2440 959 2460 tamen
984 2444 1063 2467 praes.
1085 2437 1121 2459 ΑΓ
1192 2433 1307 2466 inuenta]
1334 2435 1447 2458 iniuncta
1470 2434 1506 2457 AG
1579 2433 1700 2465 indigena
1721 2433 1760 2456 Ι,1
1864 2432 1880 2456 3
1899 2433 1986 2456 amicis
2006 2431 2088 2461 ΓΒΕ,

431 2480 514 2504 amnis
537 2479 559 2502 Ε
633 2488 697 2503 cuin.
719 2488 774 2510 sup.
794 2478 847 2502 EF
955 2477 971 2502 4
991 2478 1062 2509 illud]
1082 2478 1194 2509 illudque
1216 2478 1243 2501 I(
1316 2478 1442 2501 crcdimus
1465 2477 1541 2500 ΗΕΓ
1646 2476 1661 2499 fi
1681 2477 1704 2500 id
1724 2475 1770 2508 est]
1797 2477 1862 2500 idem
1883 2475 1909 2499 Κ
1983 2474 2086 2504 mincio]

432 2523 518 2546 miscio
533 2522 562 2547 P.
581 2530 628 2545 nm.
644 2521 669 2545 D
737 2520 835 2552 ansere-l
853 2522 897 2551 Alfi,
916 2530 1005 2545 ansere
1019 2521 1206 2550 LHKPDEA,
1227 2529 1307 2544 ausen
1324 2518 1352 2543 F
1415 2519 1485 2551 arno}
1501 2519 1652 2550 PDEFAc,
1671 2528 1720 2543 ano
1735 2519 1854 2543 LHILIl'
1873 2519 1915 2544 (cr
1934 2528 1999 2543 eurr.
2022 2527 2052 2541 m.
2069 2521 2088 2547 1,

435 2566 529 2589 incerta
550 2565 676 2596 scriptura
694 2564 793 2595 priore)
865 2564 952 2587 alla-os
977 2565 1015 2588 1³²1
1121 2563 1134 2587 Ῑ
1155 2565 1301 2595 turpissinw
1321 2563 1374 2587 EF
1441 2568 1545 2595 pateant
1564 2563 1588 2586 R
1692 2561 1708 2586 S
1727 2563 1824 2586 deliciis
1838 2562 1881 2586 Ix'l
1986 2561 2001 2585 {1
2021 2569 2086 2585 eem-

431 2613 514 2633 mento
543 2607 615 2640 rust]
646 2608 791 2632 commertio
821 2608 948 2632 rusticano
973 2606 1007 2633 F.
1039 2608 1146 2632 artifieio
1177 2611 1240 2631 rust.
1262 2606 1297 2630 Δ11·
1444 2606 1475 2630 13
1503 2607 1592 2630 studeo
1611 2605 1635 2629 P
1778 2604 1809 2628 14
1839 2604 1928 2637 causa]
1959 2613 2015 2629 eam
2035 2603 2088 2634 Ka,

432 2660 536 2676 causam
557 2651 601 2675 Ir'b
717 2650 748 2675 15
774 2649 807 2681 et]
833 2659 847 2674 a
868 2650 921 2674 EF
994 2650 1087 2683 tamen]
1113 2654 1212 2675 tantum
1232 2650 1285 2674 EF
1395 2649 1425 2673 16
1448 2658 1474 2673 se
1499 2659 1545 2674 om.
1567 2649 1620 2673 EF
1694 2649 1810 2680 prodesse
1830 2648 1880 2672 Pl)
1956 2646 2042 2680 igitur]
2067 2647 2088 2671 si

434 2695 535 2726 quidem
550 2694 623 2718 E²F
726 2693 757 2717 15
776 2693 863 2717 iduum
883 2702 930 2718 0771.
946 2694 973 2718 K
1042 2694 1218 2726 praecepimus
1232 2693 1282 2717 ΓΙ)
1353 2693 1513 2717 incuntanter
1525 2691 1602 2722 E¹F‚
1621 2691 1785 2715 incuntanter
1798 2691 1839 2715 E²
1944 2690 1977 2714 ‘20
1996 2694 2087 2714 utram-

431 2746 479 2769 que
494 2736 606 2766 KEFA,
626 2740 734 2768 utraque
753 2735 849 2759 LRPD
953 2736 985 2761 21
1007 2737 1170 2761 drsznnodibus
1184 2736 1225 2760 ΓΒ·
1330 2735 1362 2760 22
1383 2737 1494 2768 potnerit
1513 2735 1562 2759 Pb
1631 2733 1745 2766 reperiri]
1767 2734 1891 2764 Lli'l‘sls,
1916 2733 2035 2766 repperiri
2055 2733 2088 2763 D,

433 2780 543 2805 inueniri
557 2780 675 2804 KEFAss
729 2780 886 2804 habundatio
900 2777 929 2803 F
981 2782 1095 2812 praefato
1106 2780 1132 2804 E
1142 2779 1149 2793 ¹
1236 2779 1270 2803 23
1289 2780 1453 2803 abscindendi
1466 2778 1488 2802 A
1576 2777 1609 2802 26
1629 2776 1704 2809 credi]
1725 2778 1794 2802 reddi
1807 2777 1832 2801 Ε
1841 2777 1848 2791 ¹
1937 2775 1969 2801 27
1984 2775 2086 2808 optime]

436 2827 560 2855 oportune
580 2823 606 2846 E
710 2821 743 2845 29
762 2822 881 2854 praeterii
901 2822 952 2853 Pb,
971 2832 1017 2847 om.
1035 2823 1078 2846 Da
1148 2823 1218 2847 uulie
1240 2820 1275 2853 F,
1294 2823 1345 2846 ulie
1364 2822 1390 2846 Ε
1493 2821 1527 2845 30
1545 2822 1577 2845 al.
1598 2821 1643 2845 loc.
1664 2820 1715 2844 Pl)
