2279 3261
342 1839 360 1867 [ὑ

431 191 492 220 212
1148 187 1360 214 CASSIODORI

430 287 524 318 quam
548 279 664 307 natura
687 275 880 317 procreavit.
918 274 1086 305 mirabitur
1110 274 1222 304 formis
1247 274 1372 315 equinis
1391 274 1483 315 signa
1500 274 1597 304 etiam
1614 273 1723 304 inesse
1740 273 1888 305 fervoris.
1928 274 2075 316 crispatis

429 328 513 358 enim
538 327 670 358 naribus
695 337 732 357 ac
756 326 911 365 rotundis,
936 326 1118 357 constrictis
1142 326 1305 365 membris,
1337 326 1468 357 auribus
1493 326 1644 357 remulsis
1669 325 1780 356 credet
1802 325 1936 357 forsitan
1961 337 2074 357 cursus

429 382 598 420 appetere,
631 390 702 409 cum
733 389 767 409 se
797 378 929 409 metalla
956 378 1082 409 noverit
1111 388 1175 408 non
1204 389 1346 410 movere.
1392 377 1468 419 quid
1499 377 1643 408 dicamus
1672 377 1892 408 columnarum
1923 378 2073 409 iunceam

428 431 676 472 proceritatem?
714 430 816 461 moles
840 430 911 460 illas
938 429 1188 460 sublimissimas
1213 429 1409 460 fabricarum
1433 430 1525 470 quasi
1549 428 1740 470 quibusdam
1765 429 1882 460 erectis
1900 429 2075 460 hastilibus

397 489 407 505 ἴ»
428 482 585 513 contineri
603 485 635 512 et
653 482 712 512 sub
729 484 821 512 tanta
838 481 1038 523 aequalitate
1057 482 1206 512 concavis
1224 482 1392 512 canalibus
1415 484 1602 519 excavatas,
1626 483 1662 511 ut
1685 480 1788 521 magis
1812 480 1900 522 ipsas
1924 481 2076 512 aestimes

385 747 408 764 10

380 1264 405 1282 20

382 1896 405 1913 {lu

427 533 527 564 fnisse
562 534 758 571 transfusas,
794 533 877 564 ceris
908 533 1032 564 iudices
1065 533 1200 571 factum,
1237 533 1323 574 quod
1353 533 1493 564 metallis
1528 532 1707 563 durissimis
1740 532 1852 563 videas
1885 533 2075 574 expolitum,

427 595 621 615 marmorum
646 586 813 616 iuncturas
838 596 939 616 venas
964 585 1052 616 dicas
1078 595 1148 615 esse
1172 585 1342 626 genitales,
1367 584 1421 615 ubi
1446 584 1521 615 dum
1543 583 1699 614 falluntur
1716 584 1809 622 oculi,
1834 584 1905 614 laus
1921 584 2077 626 probatur

426 637 568 667 crevisse
592 637 767 668 miraculis.
812 637 938 668 Ferunt
962 637 1059 678 prisci
1086 637 1207 667 saeculi
1233 640 1418 667 narratores
1447 636 1643 667 fabricarum
1672 638 1797 677 septem
1825 639 1951 666 tantum
1981 636 2076 667 terris

426 688 590 719 adtributa
605 689 777 720 miracula:
804 689 927 730 Ephesi
944 688 1070 719 Dianae
1094 688 1263 730 templum:
1289 688 1375 729 regis
1391 688 1529 719 Mausoli
1551 688 1804 730 pulcherrimum
1822 690 2076 726 monumentum,

426 751 445 770 a
469 750 530 781 quo
559 744 591 771 et
619 741 787 771 mausolea
816 740 903 771 dicta
932 744 1019 771 sunt:
1052 740 1157 770 Rhodi
1188 740 1264 770 solis
1295 750 1432 771 aeneum
1463 740 1606 781 signum,
1638 739 1722 781 quod
1752 739 1896 770 colossus
1925 742 2074 770 vocatur:

426 792 512 823 Iovis
541 792 703 834 Olympici
735 793 957 828 simulacrum,
994 792 1078 833 qnod
1109 792 1242 822 Phidias
1278 792 1399 833 primus
1430 792 1589 822 artificum
1622 801 1746 821 summa
1779 791 1944 832 elegantia
1976 791 2075 822 ebore

425 854 568 885 auroque
598 844 764 874 formavit:
796 843 870 885 Cyri
896 843 1066 874 Medorum
1096 843 1183 884 regis
1214 843 1340 881 domus7
1371 854 1467 884 quam
1496 843 1649 874 Memnon
1678 846 1747 873 arte
1776 842 1911 884 prodiga
1941 843 2075 883 illigatis

426 905 504 926 auro
522 895 682 937 lapidibus
700 895 883 926 fabricavit:
909 895 1112 936 Babyloniae
1130 895 1222 929 muri,
1248 905 1328 936 quos
1348 895 1534 925 Samiramis
1560 895 1673 936 regina
1697 895 1800 925 latere
1825 897 1916 925 cocto
1942 895 2074 936 sulpure

426 947 575 988 ferroque
601 948 798 977 construxit:
824 947 1009 988 pyramides
1033 947 1063 977 in
1088 947 1249 987 Aegypto,
1276 957 1410 988 quarum
1435 947 1466 977 in
1492 957 1549 977 suo
1575 950 1661 977 statu
1686 956 1720 976 se
1745 946 1859 976 umbra
1880 956 2075 976 consumens

396 1005 405 1021 ¹·
425 999 509 1029 ultra
540 999 787 1029 constructionis
819 999 924 1041 spatia
956 999 1045 1028 nulla
1077 1001 1170 1039 parte
1204 999 1384 1040 respicitur.
1439 998 1504 1029 Sed
1536 998 1607 1039 quis
1640 998 1696 1028 illa
1725 997 1862 1029 ulterius
1898 998 2076 1039 praecipua

424 1051 563 1092 putabit,
594 1061 666 1081 cum
691 1051 723 1081 in
747 1061 812 1081 una
835 1051 915 1081 urbe
940 1053 988 1080 tot
1012 1049 1173 1091 stupenda
1197 1050 1427 1091 conspexerit?
1473 1050 1658 1081 habuerunt
1682 1050 1852 1087 honorem,
1882 1050 1957 1091 quia
1979 1060 2074 1092 prae-

425 1106 595 1134 cesserunt
618 1107 764 1145 tempore
794 1106 826 1133 et
857 1103 888 1133 in
919 1102 987 1133 rudi
1020 1103 1150 1133 saeculo
1181 1103 1330 1144 quicquid
1361 1102 1547 1134 emersisset
1576 1112 1710 1139 novum,
1741 1112 1799 1143 per
1827 1112 1884 1132 ora
1910 1101 2074 1132 hominum

424 1155 490 1185 iure
515 1155 681 1185 ferebatur
705 1155 870 1186 eximium.
910 1166 994 1186 nunc
1020 1158 1127 1185 antem
1153 1158 1260 1196 potest
1284 1165 1358 1185 esse
1383 1154 1571 1192 veridicum,
1596 1154 1622 1184 si
1646 1154 1798 1184 universa
1821 1153 1927 1184 Roma
1951 1153 2076 1184 dicatur

424 1217 497 1237 csse
522 1207 722 1238 miraculum.
769 1210 966 1248 quapropter
997 1207 1074 1237 talia
1102 1206 1205 1236 virum
1236 1207 1467 1248 peritissimum
1499 1206 1663 1246 suscipere
1694 1205 1804 1243 decet,
1835 1215 1875 1235 ne
1906 1205 1991 1235 inter
2020 1204 2076 1234 illa

424 1259 517 1289 nimis
534 1259 703 1299 ingeniosa
720 1259 897 1300 priscorum
921 1259 991 1300 ipse
1017 1258 1166 1289 videatur
1189 1268 1260 1287 esse
1284 1258 1466 1288 metallicus
1492 1261 1524 1288 et
1547 1257 1739 1298 intellegere
1765 1267 1829 1287 non
1852 1257 1965 1298 possit,
1990 1266 2072 1298 quae

423 1311 454 1340 in
478 1310 542 1340 illis
568 1310 686 1340 artifex
711 1302 898 1351 antiquitas,
922 1314 958 1340 ut
982 1310 1190 1345 sentirentur,
1215 1310 1334 1340 effecit.
1374 1313 1406 1339 et
1430 1309 1502 1340 ideo
1520 1309 1573 1339 det
1591 1319 1723 1350 operam
1741 1308 1842 1345 libris,
1868 1308 2073 1349 antiquorum

424 1361 691 1392 instructionibus
720 1365 829 1399 vacet,
860 1372 901 1392 ne
931 1361 1008 1403 quid
1038 1361 1077 1392 ab
1102 1361 1164 1392 illis
1189 1361 1270 1392 sciat
1294 1362 1401 1392 minus
1424 1361 1455 1391 in
1481 1371 1615 1402 quorum
1640 1361 1743 1391 locum
1771 1360 1974 1401 cognoscitur
1997 1360 2074 1391 sub-

426 1417 568 1454 rogatus.

1203 1490 1295 1522 XVI.

579 1560 796 1591 FORMULA
821 1560 881 1591 DE
905 1560 1072 1592 COMITE
1098 1559 1296 1591 INSULAE
1319 1558 1581 1590 CURITANAE
1604 1558 1661 1590 ET
1683 1557 1916 1589 CELSINAE.

529 1630 664 1661 Constat
687 1631 879 1672 plerumque
903 1630 985 1661 bene
1010 1640 1107 1671 posse
1133 1629 1200 1671 agi,
1230 1629 1285 1659 ubi
1316 1639 1377 1659 non
1406 1628 1547 1659 desuerit
1574 1637 1715 1669 persona
1742 1626 1920 1658 monitoris.
1967 1627 2074 1658 onmia

425 1683 511 1713 enim
544 1683 612 1713 sine
645 1683 751 1724 priore
787 1682 921 1713 confusa
953 1686 1026 1713 sunt
1059 1685 1091 1713 et
1121 1681 1196 1712 dum
1226 1681 1448 1722 unusquisque
1480 1680 1571 1710 iuxta
1600 1680 1799 1710 voluntatem
1831 1689 1923 1710 suam
1953 1679 2074 1720 cogitat

424 1734 544 1770 vivere,
569 1735 715 1775 regulam
742 1734 948 1775 cognoscitur
972 1734 1121 1764 omittere
1147 1733 1346 1774 disciplinae.
1384 1732 1493 1773 itaque
1518 1732 1670 1773 antiquae
1689 1730 1932 1762 consuetudinis
1949 1741 2072 1762 morem

424 1787 527 1816 secuti
561 1786 737 1817 Curitanae
769 1790 800 1817 et
831 1786 983 1817 Celsinae
1016 1786 1128 1816 insulis
1162 1789 1193 1816 te
1225 1784 1364 1815 iudicem
1394 1794 1453 1825 per
1484 1783 1572 1814 illam
1603 1782 1813 1814 indictionem
1845 1786 1954 1814 nostra
1987 1782 2073 1814 cedit

423 1838 612 1869 auctoritas.
658 1838 784 1869 Iustum
815 1841 864 1868 est
893 1839 977 1868 enim
1009 1841 1043 1867 nt
1067 1838 1119 1878 qui
1145 1848 1163 1867 a
1186 1837 1383 1878 reliquorum
1408 1835 1573 1866 hominum
1598 1838 1672 1865 sunt
1696 1835 1942 1866 conversatione
1966 1834 2072 1873 divisi,

424 1889 464 1919 ad
497 1889 712 1921 habitationes
746 1900 857 1920 eorum
891 1889 988 1920 vadat
1020 1889 1072 1929 qui
1106 1898 1161 1919 eos
1196 1888 1354 1930 probabili
1386 1887 1510 1918 ratione
1543 1889 1731 1928 componat,
1770 1896 1810 1917 ne
1840 1886 1999 1927 quaedam
2030 1887 2072 1917 sit

424 1941 605 1971 necessitas
635 1941 813 1972 iniustitiae
843 1951 1029 1972 communes
1059 1943 1149 1970 actus
1178 1940 1274 1980 longe
1303 1939 1425 1981 positos
1454 1939 1632 1979 ignorasse.
1678 1938 1806 1968 habetis
1835 1937 1943 1978 igitur,
1976 1948 2073 1980 supra

424 1992 515 2028 dicti,
545 1993 597 2034 qui
626 1993 710 2024 inter
734 2004 789 2023 vos
819 1995 1024 2034 emergentes
1055 2002 1169 2022 causas
1199 1995 1231 2022 et
1261 1991 1373 2021 audire
1402 1990 1522 2021 debeat
1551 1993 1582 2020 et
1612 1990 1712 2020 finire.
1761 1992 1793 2020 et
1823 1989 1848 2019 si
1874 1989 1949 2030 quid
1974 1989 2071 2020 etiam

424 2055 442 2074 a
471 2048 583 2075 nostra
611 2044 708 2075 fucrit
735 2045 856 2086 pictate
887 2045 1052 2076 decretum
1086 2044 1200 2075 eodem
1234 2046 1459 2075 commonente
1490 2042 1653 2084 peragite,
1685 2042 1760 2083 quia
1791 2041 1952 2072 erroribus
1983 2041 2071 2072 locus

526 2155 701 2188 mumma)
706 2156 777 2189 ΠΕ)

525 2224 541 2249 ‘2
560 2224 636 2257 enim]
655 2227 731 2250 etiam
744 2225 798 2250 EF
865 2224 904 2257 ae]
924 2230 949 2250 et
962 2225 1015 2250 EF
1082 2225 1192 2249 reuulsis
1206 2224 1276 2248 E²F
1376 2223 1392 2248 3
1411 2224 1512 2248 nouerit
1531 2222 1603 2254 (wint
1619 2222 1654 2249 Is>
1675 2226 1732 2247 met.
1752 2222 1803 2246 TU
1874 2222 1985 2246 iunctam
1999 2220 2072 2252 PAT,

422 2269 540 2293 uinceam
553 2269 579 2293 E
658 2269 673 2293 4
692 2270 868 2293 suctilissimas
882 2269 931 2299 F¹‚
949 2269 1127 2293 subtilissimas
1141 2268 1182 2292 Ιἠ
1235 2268 1308 2292 rectis
1324 2267 1376 2294 TF,
1396 2276 1442 2291 om.
1457 2266 1482 2289 Γ
1564 2266 1580 2291 ἴ)
1594 2266 1641 2290 suh
1656 2270 1726 2290 tanta
1739 2263 1902 2297 aequalitate]
1921 2264 2044 2288 TZ'EFA
2051 2268 2069 2295 Γ,

423 2312 581 2336 substantiae
604 2313 725 2344 qualitate
744 2312 883 2336 LRKPA‘²
985 2313 1115 2336 cxcauatis
1136 2312 1167 2341 R,
1192 2311 1306 2335 cxcultas
1322 2310 1350 2340 F,
1375 2310 1526 2334 excalliatas
1546 2309 1592 2339 Ta,
1617 2309 1756 2334 exceliatas
1775 2307 1814 2332 Tb
1947 2307 1963 2332 (3
1982 2306 2070 2339 fuisse]

422 2363 476 2379 esse
495 2355 522 2378 Ε
610 2356 750 2387 purissimis
770 2356 798 2379 K
922 2355 935 2379 Τ
955 2356 1063 2387 gentiles
1083 2355 1126 2379 Ix'a
1252 2354 1268 2378 ὃ
1289 2352 1426 2385 miraculis]
1448 2352 1625 2383 L¹RPTIVA‚
1653 2352 1766 2376 miraculi
1786 2351 1886 2382 L²EF,
1915 2351 2024 2375 mirabili
2044 2350 2073 2374 K

422 2397 438 2422 9
462 2399 586 2422 111111105011
607 2398 727 2428 KEaF1,
755 2398 877 2422 maucsoli
897 2397 982 2430 F²[.?]
1106 2397 1139 2423 10
1163 2398 1307 2423 manosolea
1328 2397 1376 2427 F1,
1403 2397 1511 2421 mausoli
1529 2396 1552 2419 T
1635 2395 1734 2420 colosus
1754 2395 1812 2419 libri
1900 2397 2013 2419 uossatm·
2031 2393 2070 2417 12¹

426 2441 454 2464 11
475 2441 601 2473 olimpiaci
616 2441 645 2467 P.
670 2442 801 2473 olympicis
817 2441 847 2471 L,
872 2442 996 2473 ‹zdimpicis
1010 2442 1033 2465 ]ι’
1104 2442 1176 2465 fidias
1189 2442 1249 2473 fere
1269 2441 1335 2471 libri,
1358 2441 1435 2465 sidias
1451 2439 1478 2470 T,
1501 2439 1585 2463 sudias
1598 2438 1623 2462 E
1727 2436 1759 2462 12
1777 2437 1890 2461 firmauit
1903 2437 1927 2461 P
1995 2444 2071 2461 mem<

424 2492 481 2508 mon
499 2484 557 2514 EF,
588 2492 679 2508 menon
701 2484 729 2514 T,
760 2485 856 2508 menozi
878 2484 902 2507 Γ
1043 2484 1074 2509 13
1099 2482 1260 2516 babyloniae]
1289 2483 1411 2508 sabinolie
1431 2482 1459 2506 J<
1566 2479 1718 2512 samiramis]
1742 2480 1825 2510 LRT,
1852 2480 2002 2504 samiramus
2021 2479 2071 2510 Pa,

423 2527 562 2551 semiramis
580 2526 780 2557 Ix'PleEFrl,
803 2528 851 2551 inc.
869 2527 906 2549 Γι
991 2528 1061 2559 regia
1080 2527 1128 2551 LI?
1216 2525 1328 2559 sulpure]
1347 2526 1377 2557 P,
1403 2525 1524 2557 sulphure
1548 2525 1586 2549 rel
1609 2524 1706 2548 sulfure
1723 2523 1840 2555 plerique
1962 2522 1994 2547 15
2012 2530 2070 2546 eon-

422 2571 558 2594 strietionis
573 2570 611 2593 L¹
665 2570 721 2602 quis
741 2568 792 2601 illa]
813 2570 872 2601 quia
890 2570 940 2593 TIv
1024 2570 1056 2595 1ss
1075 2570 1203 2602 reputabit
1217 2569 1298 2593 KEF
1384 2567 1415 2592 17
1435 2572 1459 2593 et
1478 2577 1524 2592 om.
1538 2567 1592 2591 EF
1641 2568 1666 2591 in
1685 2567 1742 2591 rudi
1761 2564 1874 2598 saeculo]
1899 2566 2028 2590 rndisculo
2043 2565 2070 2595 T,

422 2614 447 2637 in
466 2614 527 2637 indii
546 2614 632 2638 seculo
649 2613 673 2637 Γ
769 2612 800 2637 18
820 2614 966 2638 serebantur
980 2614 1014 2641 K,
1034 2614 1131 2638 ferebat
1149 2613 1176 2643 T,
1199 2614 1328 2638 fatebatur
1341 2612 1368 2636 E
1466 2610 1497 2635 19
1518 2611 1565 2635 uir.
1585 2618 1635 2642 per.
1656 2610 1700 2634 tal.
1714 2609 1767 2633 EF
1862 2607 1895 2632 20
1913 2609 1966 2641 ipse
1985 2617 2032 2633 om.
2046 2608 2070 2632 R

473 2656 626 2688 metallicus]
651 2656 782 2680 metallum
803 2656 828 2679 E
950 2656 981 2680 ⁴21
1008 2657 1143 2681 sentiretur
1163 2656 1190 2680 lv*
1313 2655 1346 2680 25
1371 2652 1529 2688 plerumque]
1554 2654 1693 2686 plurimum
1712 2652 1741 2676 K
1830 2652 2010 2676 monitoritoris
2029 2652 2070 2676 P²²

422 2699 455 2724 26
474 2698 556 2731 iuxta]
577 2700 716 2723 secundum
736 2699 792 2726 Psi,
811 2700 842 2723 :ul
861 2699 911 2722 TI'
1011 2699 1043 2723 ‘27
1063 2700 1176 2723 emittere
1196 2699 1244 2725 ΕΙ,
1263 2699 1324 2723 omit
1342 2698 1365 2722 T
1430 2698 1565 2729 disciplina
1578 2696 1620 2720 Pa
1690 2703 1771 2720 mores
1790 2695 1839 2718 TIv
1939 2694 1973 2719 ‘28
1991 2695 2069 2719 curri-

422 2744 520 2773 tanta)e
531 2742 579 2766 le'
586 2742 653 2771 2:1⁹,
672 2743 796 2766 turritano
808 2742 864 2773 EF,
885 2743 996 2766 oritanae
1009 2742 1032 2765 Γ
1081 2746 1105 2766 te
1119 2740 1181 2773 ind]
1194 2742 1215 2765 L
1224 2741 1321 2772 ²KJ⁷Ay
1340 2742 1390 2765 iud.
1404 2745 1427 2765 tc
1439 2740 1470 2768 F,
1488 2740 1539 2764 iud.
1554 2740 1611 2770 (om.
1623 2742 1657 2767 tc)
1670 2738 1690 2762 L
1700 2738 1795 2769 ¹REC.
1809 2738 1918 2762 indicere
1932 2738 1991 2769 (om.
2002 2738 2037 2768 te)
2051 2737 2074 2761 T

473 2786 588 2810 concedit
597 2785 651 2810 EF
725 2784 757 2809 29
772 2784 823 2818 qui]
838 2794 888 2818 qua
899 2785 938 2809 Pa
983 2786 1148 2810 conuersione
1159 2785 1183 2809 P
1259 2783 1294 2809 30
1306 2793 1393 2809 eornm
1404 2793 1452 2808 om.
1463 2783 1515 2807 Tlv
1588 2780 1621 2807 33
1634 2783 1697 2807 fuer.
1711 2790 1727 2806 a
1740 2786 1818 2806 nostr.
1826 2781 1864 2805 ΑΕ
1912 2789 1926 2805 a
1940 2780 1999 2812 (om.
2012 2780 2070 2812 Tc)

422 2834 497 2854 nostr.
519 2828 547 2861 s.]
567 2830 582 2853 s.
603 2838 619 2854 a
637 2832 723 2854 nostra
745 2829 767 2852 A
