2279 3261
380 372 397 399 2⁷1

377 1996 394 2024 <51

464 184 522 212 190
1181 178 1391 204 CASSIODORI

461 268 581 297 tionem
607 276 681 296 vero
707 265 886 295 mirabilem
911 265 1079 295 collocutio
1103 265 1160 295 tibi
1186 268 1296 295 nostra
1321 265 1484 299 concedit,
1514 275 1597 306 quae
1622 266 1696 296 duni
1722 277 1780 307 per
1802 269 1832 296 te
1857 266 1937 297 alios
1968 266 2105 304 ordinat,

461 319 648 359 qualitatem
674 321 747 347 tuae
773 317 889 347 mentis
914 320 1059 347 exornat.
1107 317 1165 347 sub
1191 317 1282 347 nobis
1308 317 1391 347 enim
1417 327 1480 347 non
1504 316 1581 347 licet
1606 328 1679 347 esse
1704 318 1883 359 imperitos,
1917 318 2044 359 quando
2075 319 2107 349 in

461 369 563 399 vicem
596 369 677 398 cotis
707 368 839 408 ingenia
872 368 1042 408 splendida
1073 368 1252 406 reddimus,
1287 379 1368 409 quae
1399 379 1569 399 causarum
1601 369 1790 400 assiduitate
1821 370 1970 411 polimus.
2018 371 2106 406 Qua-

460 424 591 461 propter
622 420 676 449 illa
706 420 829 449 cunctis
862 419 995 450 iussisse
1027 430 1084 450 nos
1116 420 1249 456 referte,
1283 430 1365 460 quae
1396 424 1451 450 aut
1483 420 1641 451 debuistis
1674 424 1729 451 aut
1761 421 1914 462 potuistis
1948 423 2106 464 accipere.

429 484 439 495 »
459 475 570 501 nostra
600 471 645 501 sic
674 471 835 512 probatis.
868 471 894 501 si
922 471 1007 501 iusta
1038 470 1191 502 redicitis.
1239 475 1345 502 amate
1377 471 1460 512 quod
1492 482 1550 502 nos
1575 472 1744 512 glorificat.
1791 473 1832 503 sit
1855 473 1940 504 velle
1966 477 2106 505 vestrum

418 847 425 864 1
430 846 441 862 0

416 1898 440 1915 30

460 523 554 563 quale
579 521 695 553 videtis
721 526 865 552 nostrum
890 532 960 553 esse
985 523 1196 564 propositum.
1236 522 1276 553 ad
1304 533 1462 553 summum
1487 523 1570 553 tales
1594 533 1649 553 vos
1675 533 1746 553 esse
1771 524 1929 564 cupimus.
1954 528 1988 555 ut
2010 526 2106 556 etiam

460 584 518 614 per
542 584 598 604 vos
628 573 750 604 iudices
781 574 990 615 corrigamus.
1036 575 1200 615 peculiare
1233 574 1272 604 de
1302 574 1391 605 vobis
1422 574 1551 615 aliquod
1580 575 1719 615 vectigal
1751 575 1927 616 exigimus,
1960 580 1995 607 ut
2025 578 2108 608 sicut

459 625 625 655 vobiscum
644 626 844 656 familiariter
860 626 1034 657 miscemus
1052 626 1179 660 affatus,
1203 627 1249 656 ita
1266 629 1298 656 et
1322 629 1432 657 nostra
1454 626 1559 667 opinio
1583 626 1769 668 specialiter
1792 637 1810 657 a
1828 627 1918 657 vobis
1944 633 2108 660 mereatur

460 677 622 708 affectum.

1221 771 1350 803 XVIII.

857 839 1072 871 FORMULA
1097 840 1460 872 PRAEFECTURAE
1486 840 1714 873 ANNONAE.

564 908 597 939 Si
634 909 674 939 ad
711 909 793 940 hanc
828 920 1013 940 mensuram
1049 910 1233 941 censendae
1270 914 1344 941 sunt
1379 910 1569 951 dignitates,
1608 914 1643 941 ut
1677 914 1766 941 tanto
1803 911 1874 952 quis
1910 911 2107 943 honorabilis

460 960 625 997 habeatur.
659 965 778 1002 quanto
809 961 932 992 civibus
961 962 1124 1003 profuisse
1154 963 1371 1002 cognoscitur,
1404 963 1430 992 is
1455 966 1541 993 certe
1567 962 1664 993 debet
1688 973 1758 993 esse
1782 963 1956 1003 glorioffl1S,
1990 964 2043 1005 qui
2068 964 2106 995 ad

461 1013 582 1054 copiam
612 1012 750 1043 Romani
781 1013 889 1054 populi
919 1013 1075 1054 probatur
1103 1013 1237 1045 electus.
1296 1014 1340 1044 tui
1372 1013 1530 1055 siquidem
1566 1014 1662 1045 studii
1699 1018 1762 1052 est,
1801 1018 1835 1045 ut
1871 1015 2107 1047 sacratissimae

458 1064 529 1094 urbi
560 1068 773 1106 praeparetur
801 1075 943 1101 annona.
977 1065 1095 1106 ubique
1127 1065 1286 1096 redundet
1316 1066 1410 1106 panis
1435 1066 1530 1107 copia
1555 1070 1586 1096 ct
1610 1070 1675 1096 tam
1701 1077 1838 1107 maguus
1862 1068 2000 1108 populus
2026 1071 2107 1098 tam-

431 1127 439 1138 ··
460 1126 555 1156 quam
580 1126 643 1146 una
666 1127 779 1146 mensa
804 1117 948 1147 satietur.
995 1127 1053 1158 per
1077 1117 1223 1147 officinas
1248 1117 1404 1158 pistorum
1431 1118 1585 1159 cibosque
1610 1117 1774 1152 discurris,
1799 1128 1933 1159 pensum
1960 1122 1991 1149 ct
2016 1130 2108 1150 mun-

459 1167 569 1198 ditiam
594 1168 686 1209 panis
712 1169 814 1209 exigis
839 1180 898 1199 nec
924 1169 987 1199 vile
1011 1168 1134 1199 iudicas
1159 1179 1241 1203 esse,
1266 1169 1352 1200 unde
1369 1172 1400 1200 te
1418 1169 1522 1211 possit
1538 1168 1641 1199 Roma
1657 1169 1804 1200 laudare:
1830 1170 1956 1207 merito,
1980 1170 2108 1211 quando

459 1218 563 1259 gloria
581 1220 750 1260 singularis
769 1224 817 1250 est
835 1220 922 1251 illius
941 1221 1080 1251 civitatis
1098 1221 1247 1252 affectus.
1288 1221 1329 1252 Et
1345 1232 1385 1252 ne
1411 1221 1497 1263 quod
1520 1222 1589 1263 agis
1615 1221 1735 1262 aliquid
1760 1224 1892 1263 putetur
1916 1225 2108 1259 extremum,

459 1275 648 1312 carpentum
673 1271 830 1313 praefecti
855 1272 944 1303 urbis
969 1273 1070 1303 mixta
1094 1273 1333 1313 gratificatione
1359 1273 1563 1305 conscendis.
1609 1276 1643 1303 tu
1671 1273 1716 1303 illi
1747 1273 1778 1303 in
1809 1273 2000 1314 spectaculis
2032 1285 2109 1304 con-

457 1322 676 1353 iunctissimus
704 1323 872 1359 inveniris,
906 1328 940 1355 ut
969 1325 1076 1366 plebs.
1110 1336 1206 1366 quam
1236 1325 1396 1356 industria
1427 1329 1482 1356 tua
1513 1325 1623 1363 satiat,
1656 1325 1686 1355 in
1717 1335 1808 1356 suam
1838 1326 2052 1356 reverentiam
2077 1329 2109 1356 te

416 1380 426 1398 Ξ
460 1373 651 1405 honoratum
677 1385 749 1406 esse
775 1379 961 1416 eognoscat.
1005 1387 1078 1407 nam
1104 1377 1130 1407 si
1155 1378 1289 1418 querela
1312 1378 1416 1418 panis.
1441 1381 1476 1408 ut
1500 1378 1629 1408 assolet.
1654 1377 1843 1411 concitetur.
1873 1380 1907 1407 tu
1930 1377 2109 1418 promissor

459 1426 616 1457 ubertatis
641 1426 817 1457 seditiones
843 1427 962 1458 civicas
993 1432 1222 1459 momentanea
1253 1429 1477 1460 satisfactione
1509 1428 1661 1459 dissolvis
1692 1432 1724 1459 et
1752 1439 1810 1470 per
1841 1433 1872 1459 te
1904 1429 2108 1470 prospicitur.

459 1488 499 1508 ne.
531 1478 606 1519 quid
635 1489 653 1508 a
681 1479 808 1520 populis
838 1479 1111 1521 conquerentibus
1143 1480 1333 1511 excedatur.
1378 1480 1451 1511 Non
1481 1481 1641 1511 innuerito
1666 1480 1840 1522 Pompeius
1870 1482 1972 1511 fertur
1996 1481 2109 1522 copiae

459 1530 641 1570 quantitate
667 1530 797 1571 provisa
820 1541 923 1572 usque
956 1531 996 1562 ad
1027 1542 1132 1562 rerum
1164 1533 1355 1574 pervenisse
1384 1532 1530 1573 fastigia,
1562 1533 1637 1573 quia
1667 1532 1782 1563 merito
1815 1532 1989 1573 singularis
2021 1543 2111 1563 amor

459 1584 507 1611 est
531 1581 649 1622 populi,
679 1592 750 1612 cum
775 1583 917 1623 potuerit
941 1593 959 1613 a
983 1584 1119 1624 penuria
1143 1583 1284 1615 liberari.
1331 1584 1404 1614 hine
1430 1584 1484 1614 ille
1509 1584 1777 1625 gratificationem
1802 1584 1920 1614 meruit
1944 1584 2109 1625 plausum-

416 1640 426 1656 ·-’
460 1642 521 1673 que
547 1633 751 1674 popularem:
778 1634 850 1664 hinc
876 1635 970 1665 unice
995 1646 1125 1676 semper
1149 1639 1275 1666 amatus
1301 1639 1350 1666 est
1375 1640 1407 1667 et
1431 1636 1461 1666 in
1487 1636 1592 1677 gratia
1616 1636 1733 1666 civium
1759 1636 1902 1666 omnium
1928 1636 2002 1666 vicit
2026 1636 2110 1666 facta

458 1685 627 1715 maiorum:
661 1686 714 1726 qui
742 1696 782 1716 ne
814 1687 987 1728 aliquando
1017 1687 1172 1719 inhonore
1203 1688 1375 1721 diceretur,
1409 1698 1479 1718 cum
1508 1688 1645 1718 nominis
1678 1687 1844 1718 taxatione
1873 1687 2050 1718 vocabatur
2079 1691 2110 1717 et

457 1736 603 1776 Magnus.
650 1736 722 1767 Hoc
747 1740 778 1768 te
805 1739 991 1780 exemplum
1015 1739 1131 1770 invitet
1154 1739 1195 1770 ad
1220 1750 1385 1781 prospera,
1412 1739 1540 1780 quando
1565 1739 1619 1769 ille
1644 1739 1775 1769 honoris
1799 1739 1844 1769 tui
1870 1739 1974 1769 locum
2000 1739 2109 1780 egisse

458 1789 674 1828 cognoscitur.
703 1799 798 1830 quem
827 1790 905 1820 felix
930 1790 1034 1821 Roma
1063 1791 1252 1822 mirabatur.
1299 1802 1339 1822 ne
1364 1791 1435 1832 quis
1461 1794 1570 1821 autem
1594 1793 1684 1831 putet
1708 1790 1843 1821 abiectis
1869 1794 1900 1820 te
1926 1790 2109 1822 hominibus

458 1839 629 1881 imperare,
654 1840 804 1881 dignitati
830 1852 958 1883 quoque
983 1846 1058 1873 tuae
1084 1843 1242 1884 pistorum
1268 1844 1337 1874 iura
1361 1843 1517 1873 famulata
1541 1846 1624 1875 sunt.
1650 1852 1731 1883 quac
1757 1853 1814 1884 per
1835 1842 1981 1873 diversas
1998 1842 2108 1873 mundi

459 1896 567 1933 partes
592 1893 796 1934 possessione
821 1894 977 1924 latissima
1003 1894 1229 1929 tendebantur.
1260 1906 1300 1925 ne
1326 1895 1434 1936 inopia
1458 1895 1597 1925 faciente
1624 1894 1803 1931 vilesceret,
1833 1893 1918 1934 quod
1942 1894 2108 1925 Romanae

458 1944 569 1984 copiae
594 1943 749 1975 laudabili
773 1944 984 1977 famulatione
1015 1946 1158 1977 serviret.
1206 1947 1304 1977 suarii
1334 1957 1477 1987 quoque,
1507 1946 1676 1977 Romanae
1707 1946 1821 1987 copiae
1851 1956 1950 1976 causa
1979 1947 2107 1987 reperti,

459 1998 513 2025 tuo
537 1995 683 2036 deputati
709 1996 857 2027 videntur
882 1998 1033 2029 examini.
1081 1997 1229 2029 Gloriare
1255 1998 1433 2040 privilegiis
1458 1998 1637 2039 adquisitis
1685 1997 1826 2028 tribunal
1851 2001 1941 2028 tuum
1966 2008 2030 2028 non
2062 2001 2110 2028 est

458 2046 543 2076 inter
571 2047 719 2077 minimas
749 2047 937 2089 dignitates,
968 2049 1095 2091 quando
1125 2053 1156 2080 et
1181 2050 1329 2081 Romana
1356 2050 1461 2091 gratia
1491 2049 1607 2080 frueris
1637 2052 1668 2079 et
1694 2049 1867 2091 provinciis
1893 2049 1981 2080 iussa
2005 2053 2108 2080 trans-

458 2098 569 2129 mittis.
617 2099 672 2129 sed
697 2103 731 2129 ut
755 2101 890 2131 actionis
914 2101 1015 2143 ipsius
1046 2102 1075 2132 in
1107 2106 1208 2132 totum
1239 2103 1356 2132 merita
1384 2105 1633 2144 perscrutemur,
1666 2101 1809 2131 triticeas
1840 2100 1968 2142 quidem
2000 2100 2109 2142 copias

435 2164 438 2172 =
460 2150 663 2190 praefectura
696 2153 899 2192 praetoriana
929 2156 1097 2194 procurat,
1129 2154 1183 2184 sed
1213 2165 1276 2184 uon
1307 2155 1409 2184 minor
1432 2154 1502 2185 laus
1528 2156 1578 2183 est
1603 2153 1881 2194 dispensationem
1906 2153 2107 2193 probabilem

562 2271 814 2304 LI?J§P(T19E(F)

563 2348 571 2372 1
600 2350 643 2373 tib.
666 2350 722 2374 coll.
738 2350 818 2373 REI*
915 2350 931 2374 ‘2
955 2359 1004 2374 non
1028 2357 1106 2376 (nunc
1121 2351 1157 2376 F)
1182 2352 1238 2375 licet
1258 2351 1317 2377 (om.
1333 2351 1385 2382 1¹⁷¹)
1404 2350 1468 2383 esse]
1495 2360 1549 2375 esse
1573 2360 1623 2375 non
1646 2352 1686 2375 lic.
1703 2351 1752 2374 TIv
1846 2349 1861 2374 4
1887 2360 1932 2374 nus
1955 2351 2015 2374 iuss.
2031 2350 2112 2374 KEF

510 2390 608 2423 referte]
629 2394 719 2416 referre
734 2392 816 2423 PTl',
835 2393 935 2417 refferre
949 2394 967 2416 Α
977 2393 1022 2412 1-(n)
1076 2400 1120 2418 aut
1141 2394 1208 2426 dela}
1229 2400 1315 2418 antem
1329 2395 1383 2418 deb.
1396 2394 1434 2418 L¹
1523 2394 1539 2418 5
1559 2400 1643 2418 nostra
1656 2400 1723 2421 (nani
1738 2393 1761 2417 Ε
1768 2393 1816 2419 ²FJ
1831 2394 1865 2417 sic
1879 2392 2000 2425 probatis]
2022 2399 2106 2418 uestra

459 2433 506 2465 (⁸st-
531 2444 582 2459 ναν.
600 2437 615 2458 3
638 2436 694 2465 lm.)
720 2436 755 2459 sic
781 2436 901 2467 probatur
921 2436 944 2459 l'
1034 2436 1152 2469 redicitis]
1181 2438 1269 2461 rodinis
1288 2438 1314 2468 T,
1341 2438 1437 2461 refertis
1459 2437 1485 2461 F
1607 2437 1622 2460 Q]
1646 2437 1708 2461 tales
1732 2446 1778 2460 llos
1802 2437 1826 2463 T.
1852 2446 1897 2460 uus
1920 2437 1984 2461 tales
2004 2436 2112 2460 KFEF

459 2477 488 2501 11
510 2478 566 2509 quis·
585 2491 645 2502 *ma
669 2479 726 2502 bun.
742 2479 761 2502 L
823 2480 994 2503 honorabilior
1012 2480 1132 2504 TI⁷E²F
1226 2479 1255 2504 13
1275 2479 1383 2512 copiam]
1403 2481 1498 2504 curiam
1518 2480 1567 2503 TIv
1658 2479 1687 2504 14
1708 2480 1778 2503 urbis
1794 2479 1831 2503 Pa
1928 2480 1959 2503 15
1977 2478 2106 2511 cibosque]

458 2520 527 2543 cibus
542 2520 600 2544 I'T:
619 2521 783 2553 clibanosque
800 2522 898 2545 lxv-meh
953 2523 1058 2547 disemis
1073 2523 1111 2546 Ε1
1203 2523 1233 2547 lb*
1253 2532 1307 2548 esse
1327 2533 1373 2548 nm.
1391 2523 1439 2547 TI*
1490 2533 1550 2548 roni.
1571 2532 1634 2555 poss.
1651 2523 1731 2546 KE'F
1785 2521 1896 2554 qnando]
1916 2523 2043 2554 quondam
2059 2523 2080 2546 L
2091 2523 2107 2549 'v

457 2564 559 2594 qnando
579 2569 602 2587 te
618 2564 654 2587 lt‘
754 2564 783 2588 lT
804 2566 864 2596 quid
883 2565 931 2588 TV
1024 2566 1054 2590 15
1074 2572 1222 2598 carpentum
1242 2576 1289 2591 nm.
1304 2567 1345 2591 1³²²
1404 2567 1588 2599 glorificatione
1604 2567 1624 2590 Α
1639 2568 1754 2598 jorius-<e
1773 2571 1837 2590 recle
1900 2566 2055 2598 spectabulis
2070 2566 2107 2588 A?

458 2606 489 2630 19
509 2607 636 2631 inueneris
653 2607 700 2633 [2¹¹.
720 2609 767 2632 [uc.
780 2608 818 2631 F¹
924 2608 957 2632 ‘21¹
977 2610 1110 2633 comitetur
1124 2610 1164 2633 E²
1268 2610 1296 2634 21
1321 2611 1471 2642 perspicitur
1486 2610 1537 2633 ΚΕ
1636 2608 1668 2633 '23
1687 2608 1780 2640 rerum]
1801 2618 1888 2641 regum
1904 2609 1979 2634 E²F.
1992 2610 2108 2640 siu-tnsoe

459 2654 521 2673 recte
584 2651 692 2682 singulis
708 2652 728 2674 ,1
793 2658 828 2675 est
849 2660 895 2675 am.
912 2651 983 2674 I¹I¹'.l
1082 2651 1115 2676 '24
1134 2653 1214 2684 potnit
1230 2653 1250 2676 ,ί
1317 2654 1501 2685 gratificatione
1516 2653 1539 2676 P
1633 2651 1666 2676 25
1685 2651 1842 2684 popularem]
1864 2653 2014 2684 populorum
2030 2652 2110 2675 KEF

458 2691 490 2716 '26
511 2693 634 2717 malorum
651 2693 790 2717 I'TI'E‘lrl
864 2695 970 2718 inhouor
984 2694 1016 2720 E,
1035 2695 1173 2719 inhonorus
1188 2695 1215 2719 J:
1315 2695 1348 2720 ⁸2³5
1367 2695 1462 2727 antem]
1484 2700 1528 2720 aut
1542 2695 1569 2719 F
1636 2695 1741 2719 abiectis
1761 2693 1793 2726 te]
1814 2695 1863 2719 abi.
1884 2700 1941 2724 (om.
1962 2700 1994 2721 te}
2012 2695 2060 2721 11¹¹,
2083 2699 2107 2718 te

457 2736 506 2759 abi.
522 2736 602 2759 ΗΕΓ
698 2735 730 2760 ‘29
750 2741 828 2764 tumle
847 2746 947 2768 quoque
962 2737 1025 2760 PAs
1089 2737 1154 2770 iura]
1175 2747 1233 2762 rura
1250 2739 1349 2762 Krzcsclz
1448 2738 1481 2763 3⁰
1500 2739 1651 2762 tendebatur
1665 2737 1688 2760 R
1787 2737 1816 2761 31
1839 2738 1959 2761 laudabili
1978 2752 2005 2754 —
2021 2738 2106 2769 copiae

457 2787 504 2802 cm.
523 2779 558 2801 l.¹
663 2778 696 2803 :33
715 2779 794 2811 iussa]
815 2781 871 2804 iura
886 2780 924 2803 Ει
1031 2780 1063 2804 34
1082 2780 1198 2812 actionis]
1218 2788 1241 2805 et
1262 2783 1368 2806 actionis
1383 2782 1414 2807 E.
1433 2782 1572 2806 exactionis
1587 2781 1613 2804 F
1680 2779 1802 2812 triticeas]
1821 2780 1934 2811 Ji'l'EF,
1952 2781 2058 2805 tritieias
2079 2780 2104 2810 Τ,

458 2822 552 2845 triticas
574 2822 669 2846 [ΗΓ-1
776 2822 809 2847 35
828 2823 1036 2855 dispensationem
1058 2823 1095 2847 L¹
