2279 3261
340 266 358 294 10

343 1426 361 1454 [ὑ

422 179 483 208 272
1141 176 1350 203 CASSIODORI

420 263 544 299 induci,
580 274 618 293 ne
652 264 751 304 possit
784 264 891 303 aliqua
923 262 1075 293 tarditate
1110 263 1252 303 percelli.
1300 263 1392 294 Haec
1424 263 1521 304 igitur
1550 267 1625 294 vota
1655 264 1844 295 damnantes
1875 268 2065 306 praesentes

421 315 596 345 direximus
615 315 797 355 portitores,
825 318 859 344 ut
877 314 944 344 sive
968 314 998 344 in
1023 314 1124 355 gradu
1150 315 1217 345 sive
1240 315 1270 345 in
1295 315 1366 345 aliis
1391 315 1469 345 locis
1494 315 1727 346 frumentorum
1752 316 1880 347 condita
1904 317 2067 358 potuerint

422 366 581 403 invenire,
618 369 740 395 tantum
770 366 831 396 sibi
865 365 1085 406 unusquisque
1118 365 1265 396 dominus
1296 366 1347 396 vel
1377 366 1518 396 familiae
1549 377 1625 397 suae
1656 367 1805 405 retineat,
1841 371 1996 409 quantum
2030 379 2064 399 se

422 416 607 458 expendere
626 428 720 458 posse
739 417 915 457 cognoscit,
941 417 1097 457 reliquum
1119 417 1377 458 periclitantibus
1402 417 1531 456 vendat,
1557 418 1781 459 praesentibus
1805 419 1929 450 scilicet
1953 419 2065 450 harum

392 477 401 493 5·
421 469 556 509 gerulis,
586 468 639 509 qui
668 468 707 498 ad
737 479 807 499 eam
838 478 903 498 rem
934 467 1086 499 destinati
1115 480 1187 500 esse
1217 471 1402 507 noscuntur,
1431 469 1600 500 moderata
1623 473 1730 500 tamen
1754 471 1848 511 pretii
1873 471 2065 512 quantitate,

382 735 404 751 lU

382 1173 403 1190 15

422 532 484 562 qua
508 531 580 551 eum
605 521 787 551 constiterit
810 532 828 551 a
853 521 917 551 suis
941 521 1194 561 provincialibus
1219 532 1433 562 comparasse,
1458 523 1496 551 ut.
1516 531 1576 551 nec
1599 521 1731 552 nimium
1749 525 1901 562 gravetur
1918 522 1971 563 qui
1990 522 2067 553 emit

422 576 455 603 et
477 573 584 613 aliquo
609 572 799 613 compendio
824 572 973 603 foveatur
996 573 1049 603 ille
1076 573 1129 614 qui
1154 573 1312 603 distrahit.
1361 573 1564 614 Quapropter
1587 573 1762 604 libentibus
1790 574 1904 604 animis
1933 574 2065 615 implete

422 635 503 665 quae
529 624 617 654 iussa
642 627 725 659 sunt,
751 624 826 665 quia
850 624 941 654 vobis
966 623 1092 655 debetis
1116 625 1253 655 invicem
1280 624 1311 655 in
1336 624 1395 655 hac
1413 628 1503 666 parte
1522 625 1703 662 consulere,
1728 635 1778 663 ne,
1804 625 1878 656 dum
1897 625 2067 656 caritatem

422 676 553 706 nimiam
577 676 745 716 quaeritis,
776 676 951 706 scelestum
981 676 1072 706 vobis
1101 675 1220 716 aliquid
1249 676 1371 717 potius,
1402 675 1486 716 quod
1515 676 1614 711 absit,
1646 676 1773 717 optetis.
1819 687 1859 707 ne
1890 676 1962 717 quis
1991 686 2067 717 ergo

424 727 639 757 venditionem
665 727 727 758 sibi
756 727 930 768 inpositam
961 731 1186 768 conqueratur,
1217 728 1298 757 sciat
1326 727 1510 758 libertatem
1538 728 1569 758 in
1599 728 1728 758 crimine
1758 738 1820 758 non
1850 728 1983 769 requiri,
2012 727 2067 758 sed

422 778 499 809 illud
524 778 600 809 boni
624 779 745 819 ingenii
768 779 873 819 magis
899 790 982 815 esse,
1008 780 1034 809 si
1059 790 1119 809 non
1144 779 1276 809 festinet
1294 778 1464 809 excedere.
1505 779 1623 810 vendat
1639 779 1747 820 itaque
1766 779 1824 809 sub
1842 779 1927 810 iusta
1943 779 2067 810 ratione

423 830 475 871 qui
504 829 663 860 distrahit.
715 831 740 860 si
768 831 941 868 consentit,
976 834 1128 871 operatur
1156 830 1284 861 laudem
1315 841 1419 861 suam:
1454 830 1479 860 si
1509 830 1684 871 discrepat,
1714 834 1858 861 nostrum
1888 831 1965 861 facit
1994 842 2066 862 esse

422 882 640 922 praeconium,
666 881 794 923 quando
819 882 937 912 bonum
964 885 1014 913 951
1037 882 1189 919 iubentis,
1214 882 1239 912 si
1264 882 1386 912 iustitia
1411 883 1594 923 imponatur
1618 882 1736 913 invitis.

1216 1027 1273 1058 VI.

854 1096 1166 1128 PRIMISCRINIO
1192 1096 1514 1128 ATHALARICUS
1540 1097 1640 1128 REX.
1918 1126 1942 1146 C·
1961 1127 1989 1146 a·
2008 1118 2070 1147 527

527 1165 608 1196 Cum
633 1166 791 1197 diuturnis
816 1167 981 1197 laboribus
1007 1166 1203 1201 excubares,
1234 1166 1277 1196 ita
1306 1170 1337 1197 19
1366 1166 1579 1197 inbecillitate
1609 1167 1752 1208 corporis
1782 1167 1900 1198 asseris
1930 1169 2069 1208 graviter

423 1218 613 1255 sauciatum,
640 1222 675 1249 ut
698 1229 758 1249 1199
783 1218 823 1249 ad
848 1219 966 1249 famam
991 1218 1124 1248 militiae
1150 1217 1389 1259 percipiendam
1415 1218 1517 1259 possis
1544 1228 1724 1255 occurrere,
1753 1218 1793 1249 ad
1818 1229 1913 1259 quam
1943 1222 2069 1250 constat

424 1273 497 1299 voto
526 1273 557 1300 te
586 1270 755 1311 praecipiti
783 1270 971 1305 festinasse,
1000 1275 1149 1302 metuens
1179 1282 1218 1301 ne
1249 1283 1306 1313 per
1335 1272 1516 1302 absentiam
1547 1272 1592 1302 tui
1621 1272 1660 1302 ab
1691 1272 1768 1313 ipsis
1793 1283 1896 1314 paene
1922 1272 2070 1303 faucibus

423 1321 630 1352 dulcissimus
655 1322 712 1353 tibi
736 1322 859 1353 fructus
886 1323 1033 1354 videatur
1057 1323 1185 1358 auferri,
1211 1324 1378 1364 postulans
1404 1323 1501 1354 etiam
1527 1327 1570 1360 ut,
1596 1324 1735 1365 algentis
1760 1324 1902 1365 corporis
1927 1324 2070 1354 necessi-

424 1376 489 1403 tate
519 1374 724 1408 constrictus,
757 1374 873 1405 Baiani
902 1375 1022 1405 lavacri
1053 1375 1199 1406 siccitate
1229 1375 1360 1405 laxeris.
1407 1375 1549 1415 Dignum
1579 1376 1674 1416 plane
1704 1375 1788 1417 quod
1817 1376 1899 1406 inter
1927 1375 2071 1417 praemia

382 1431 390 1448 ἐ
426 1436 550 1456 summa
575 1430 793 1466 praestemus,
823 1430 871 1463 ut,
902 1427 984 1457 sicut
1008 1427 1204 1458 conferimus
1230 1426 1322 1457 victis
1348 1437 1453 1468 spem,
1484 1427 1528 1457 ita
1553 1427 1731 1458 tribuamus
1756 1427 2013 1468 supplicantibus
2039 1430 2071 1457 et

383 1949 407 1965 :w

423 1477 572 1507 salutem.
621 1481 818 1519 quapropter
847 1481 879 1509 et
907 1490 925 1509 a
955 1478 1081 1509 vinculo
1111 1481 1142 1509 te
1172 1478 1423 1509 emolumenticii
1455 1479 1587 1509 terroris
1621 1479 1817 1509 absolvimus
1851 1482 1883 1509 et
1916 1478 2071 1520 praedicti

424 1528 543 1559 lavacri
571 1539 703 1560 munere
734 1529 957 1565 sublevamus,
990 1534 1024 1560 111
1053 1530 1191 1571 primum
1221 1530 1336 1560 mentis
1365 1529 1481 1570 gaudio
1512 1534 1676 1561 recreatus
1705 1530 1831 1560 facilius
1856 1530 2070 1561 membrorum

425 1580 562 1621 recipias
592 1581 791 1622 sospitatem.
840 1582 995 1612 naturalis
1026 1581 1182 1622 siquidem
1214 1591 1290 1611 cura
1320 1584 1368 1611 est
1398 1582 1504 1622 aegris
1534 1582 1610 1612 dare
1639 1582 1810 1612 laetitiam:
1840 1592 1914 1612 nam
1943 1582 1993 1612 fac
2022 1582 2070 1613 in-

426 1631 566 1662 validum
590 1632 743 1673 gaudere,
770 1637 900 1664 sanatus
925 1637 982 1664 est.
1027 1633 1132 1673 Perge
1157 1633 1254 1673 igitur
1278 1632 1317 1663 ad
1343 1643 1497 1663 amoenos
1523 1643 1687 1664 recessus:
1712 1644 1812 1675 perge
1837 1633 1876 1664 ad
1902 1634 2012 1673 solem,
2037 1637 2072 1664 111

382 1690 405 1707 2⁵
426 1683 469 1713 ita
494 1683 642 1716 dixerim.
668 1685 851 1715 clariorem:
878 1685 930 1715 11111
955 1685 1145 1715 salubritate
1170 1685 1253 1715 aeris
1279 1688 1459 1726 temperata
1483 1685 1577 1715 terris
1602 1685 1749 1716 blandior
1773 1689 1821 1715 est
1844 1688 1969 1716 natura.
2006 1686 2071 1716 illic

425 1736 588 1766 miraculis
613 1737 679 1767 alta
703 1737 898 1777 cogitatione
923 1737 1092 1778 perpensis
1117 1747 1188 1767 cum
1213 1737 1338 1767 arcanis
1363 1736 1472 1767 mundi
1503 1747 1593 1767 mens
1622 1736 1762 1767 humana
1791 1737 1985 1778 colloquitur
2013 1748 2071 1767 nec

426 1786 575 1817 admirari
603 1788 721 1819 desinit
749 1799 831 1829 quae
862 1788 904 1819 ibi
933 1789 985 1829 agi
1014 1799 1109 1830 posse
1139 1789 1317 1829 cognoscit:
1349 1788 1487 1829 primum
1511 1788 1609 1819 Nerei
1638 1789 1760 1819 fluenta
1788 1789 1918 1819 marinis
1948 1788 2073 1819 deliciis

427 1850 499 1869 9559
526 1840 701 1880 completa,
733 1843 781 1870 tot
805 1844 916 1881 portus
943 1843 1076 1871 naturae
1107 1840 1278 1881 prudentia
1307 1840 1443 1870 terrenis
1473 1839 1596 1870 sinibus
1627 1840 1842 1875 intermissos,
1874 1843 1921 1870 tot
1951 1840 2073 1871 insulas

427 1891 552 1921 nobiles
584 1892 738 1933 amplexu
770 1892 877 1933 pelagi
910 1892 1050 1923 dotatas:
1088 1891 1204 1923 deinde
1237 1892 1403 1922 inmissum
1437 1892 1568 1922 Averno
1601 1895 1771 1932 stagneum
1806 1902 1909 1929 mare,
1944 1892 2000 1922 ubi
2034 1892 2073 1923 ad

427 1943 625 1987 voluptatem
650 1943 815 1974 hominum
841 1944 906 1974 vita
929 1945 1051 1985 regitur
1075 1947 1268 1979 ostreorum,
1297 1944 1520 1984 industriaque
1544 1943 1730 1974 mortalium
1754 1943 1834 1982 fieri,
1863 1947 1898 1974 ut
1921 1953 1972 1974 res
1997 1943 2074 1974 alibi

425 1994 557 2025 fortuita
584 1994 627 2025 ibi
659 2005 788 2036 semper
820 2000 976 2036 appareat
1010 1996 1147 2037 copiosa.
1199 1996 1336 2031 Quantis
1370 1996 1413 2026 ibi
1446 1995 1584 2026 molibus
1615 1995 1728 2025 marini
1761 1995 1889 2026 termini
1920 1995 2074 2026 decenter

428 2046 529 2076 invasi
557 2049 646 2076 sunt!
694 2047 820 2087 quantis
850 2048 962 2089 spatiis
992 2048 1022 2078 in
1052 2047 1230 2078 visceribus
1262 2048 1409 2088 aequoris
1433 2051 1519 2078 terra
1543 2050 1688 2088 promota
1714 2049 1776 2077 est!
1824 2046 1939 2078 dextra
1963 2048 2072 2078 laeva-

427 2108 488 2138 que
514 2108 629 2138 greges
655 2098 789 2139 piscium
815 2099 938 2129 ludunt.
986 2099 1177 2129 claudantur
1201 2099 1277 2129 alibi
1302 2099 1505 2129 industriosis
1535 2099 1712 2140 parietibus
1741 2099 1892 2140 copiosae
1922 2098 2072 2130 deliciae:

427 2150 546 2190 captivi
574 2153 746 2180 teneantur
774 2151 934 2191 aquatiles
962 2162 1093 2192 greges:
1123 2151 1174 2181 hic
1200 2151 1319 2192 ubique
1346 2151 1403 2181 5111)
1429 2151 1580 2181 libertate
1605 2150 1727 2181 vivaria
1752 2153 1836 2181 sunt.
1881 2150 1964 2181 addc
1990 2150 2073 2192 quod

531 2263 815 2294 BZNKE(F)H(GI).·
834 2264 859 2288 1ιὶ
878 2267 927 2287 tres
947 2272 993 2287 om.
1014 2272 1051 2295 ep.
1065 2265 1079 2287 6

533 2339 545 2364 1
565 2340 606 2372 119]
627 2350 673 2365 1199
687 2341 718 2364 H
812 2340 828 2364 *2
848 2341 1023 2372 portitoitores
1038 2340 1065 2364 K
1162 2341 1178 2365 3
1196 2341 1243 2365 51111
1262 2345 1323 2365 tant.
1338 2340 1407 2364 Hal
1471 2341 1511 2364 uel
1531 2349 1578 2365 nm.
1594 2340 1645 2364 ΗΝ
1711 2342 1769 2364 fam.
1788 2349 1849 2365 suae
1869 2349 1916 2364 om.
1931 2340 1974 2364 Η1
2038 2349 2074 2364 re-

428 2382 514 2415 tineat]
535 2384 651 2408 dominus
671 2393 688 2408 1.
710 2384 753 2413 ΙΙ»,
771 2384 860 2407 domus
880 2392 896 2407 r.
918 2383 997 2407 NEF
1070 2392 1096 2407 59
1115 2385 1238 2416 expedere
1252 2384 1281 2413 Z,
1299 2384 1441 2415 expendere
1460 2392 1485 2407 59
1500 2383 1532 2412 F,
1551 2392 1576 2407 se
1596 2384 1745 2415 expendisse
1760 2383 1833 2407 HGI
1934 2382 1949 2406 4
1969 2381 2073 2414 uendat]

429 2427 515 2451 reddat
535 2427 586 2451 IIG
656 2427 752 2451 scilicet
770 2426 829 2456 (0771-
845 2426 919 2457 Hll')
938 2427 1026 2450 harum
1046 2431 1104 2452 (om.
1120 2427 1181 2458 (r'A)
1199 2427 1295 2459 gerulis
1314 2436 1361 2450 um.
1381 2427 1405 2450 in
1426 2435 1463 2457 sp.
1484 2435 1536 2450 rac.
1551 2427 1568 2450 I
1584 2425 1618 2456 (et
1635 2427 1670 2450 Ιν
1683 2431 1705 2450 ct
1720 2426 1765 2456 Il')
1870 2425 1886 2449 5
1905 2424 1957 2457 qui]
1977 2426 2038 2457 quid
2051 2425 2075 2449 B

480 2474 669 2502 cognoscuntur
684 2470 809 2499 A’JIGJr,
828 2470 874 2493 ine,
891 2470 924 2493 [v
1029 2469 1044 2493 (3
1063 2469 1122 2501 qna]
1138 2470 1169 2499 A,
1189 2479 1265 2501 qnam
1281 2470 1340 2494 libri
1411 2468 1478 2501 911111]
1499 2478 1555 2493 cnm
1570 2469 1711 2499 A‘FHUV,
1730 2477 1771 2493 eos
1788 2470 1809 2492 G
1878 2468 2075 2493 constitut-RB&

430 2513 443 2537 7
464 2514 602 2545 aliquando
622 2513 673 2543 H1,
692 2514 821 2544 aliquanto
842 2512 932 2539 II'2IV,
951 2512 1110 2543 aliquantulo
1131 2512 1165 2535 Il‘
1241 2513 1282 2536 ille
1302 2521 1348 2536 om.
1363 2512 1436 2536 HGI
1507 2512 1645 2536 libentibus
1664 2512 1781 2540 (libenter
1801 2511 1857 2540 H³)
1883 2519 1906 2535 a.
1925 2511 2028 2543 implere
2048 2511 2080 2534 Η

431 2557 447 2581 ὅ
466 2555 545 2588 iussa]
566 2557 643 2581 missa
658 2557 685 2580 F
752 2556 824 2580 nobis
838 2555 866 2579 H
935 2555 986 2578 inu.
1007 2555 1031 2578 in
1052 2556 1076 2579 h.
1096 2564 1118 2587 p⁴
1139 2554 1218 2586 cons.]
1235 2555 1267 2581 B,
1286 2556 1310 2578 in
1331 2555 1354 2579 b.
1376 2564 1397 2587 p.
1417 2563 1485 2579 cons.
1506 2555 1614 2579 inuicem
1630 2554 1754 2586 plerique,
1778 2554 1802 2577 in
1822 2554 1887 2578 banc
1906 2558 2002 2586 partem
2021 2554 2074 2578 inu.

429 2608 497 2624 cons.
514 2600 586 2623 HGI
652 2607 699 2623 nec
713 2599 743 2622 II
836 2598 851 2621 9
871 2601 921 2629 pot.
941 2599 972 2622 al.
989 2598 1059 2621 IIGI
1154 2598 1183 2622 11
1204 2599 1308 2630 ingenui
1322 2598 1346 2622 B
1407 2599 1455 2622 sub
1475 2607 1521 2622 um.
1534 2598 1563 2621 N
1660 2597 1690 2621 12
1709 2598 1823 2621 consistit
1837 2597 1917 2625 HGa,
1936 2598 2048 2622 constitit
2062 2597 2079 2621 I

481 2652 552 2667 suam
574 2652 620 2667 om.
636 2642 709 2666 HGI
768 2640 798 2673 si]
819 2650 844 2665 se
858 2641 881 2664 L*
974 2640 1004 2664 15
1023 2642 1163 2667 excubares
1176 2641 1199 2665 B
1290 2641 1319 2665 16
1339 2640 1442 2673 famam]
1456 2643 1571 2672 fortasse
1585 2642 1689 2665 sormam
1754 2649 1857 2664 occurre
1872 2640 1894 2663 Β
1904 2640 1911 2654 ¹
2001 2639 2031 2664 17
2051 2644 2076 2664 te

430 2690 480 2710 unt.
494 2686 521 2709 N
606 2685 637 2710 18
654 2684 774 2717 corporis]
796 2684 895 2716 frigoris
906 2684 950 2707 Na
1040 2684 1069 2708 15)
1087 2685 1199 2708 siccitate
1212 2689 1359 2716 corruptam
1446 2684 1480 2708 20
1497 2690 1522 2709 et
1534 2685 1599 2709 delet
1613 2684 1730 2709 (mincius
1818 2683 1849 2707 21
1867 2684 2030 2708 emolumenti
2042 2683 2075 2713 K,

429 2730 631 2754 emolumentarii
645 2730 667 2753 A
756 2727 789 2752 ‘23
808 2731 845 2751 est
858 2736 905 2751 om.
918 2727 944 2751 Κ
1030 2726 1062 2752 25
1081 2726 1242 2759 salubritate]
1262 2727 1359 2752 salubri
1372 2728 1394 2751 l}
1403 2727 1410 2741 ¹
1464 2728 1538 2751 aeriis
1550 2727 1588 2751 Za.
1675 2726 1709 2751 26
1725 2725 1864 2759 perpensis]
1884 2726 2016 2758 eonpensis
2028 2726 2079 2749 ΖΝ

429 2772 461 2797 27
482 2781 553 2805 posse
573 2781 620 2796 om.
635 2772 664 2795 N
763 2769 797 2794 28
815 2769 923 2801 sinibus]
943 2771 1038 2794 finibus
1057 2770 1110 2794 EF
1176 2769 1340 2802 intermissos]
1362 2771 1488 2795 intermiss
1507 2769 1547 2794 ,Β1
1652 2769 1684 2794 ‘29
1704 2770 1847 2795 inmensum
1866 2778 1989 2794 aueruum
2009 2768 2079 2793 E¹F

430 2815 464 2840 30
482 2816 577 2848 tegitur
596 2815 619 2839 A
724 2813 757 2838 3⁴2
776 2814 891 2845 equoreis
910 2813 964 2837 EF
