2279 3261
785 181 976 206 VARIARVM
1002 181 1046 211 VI,
1065 181 1089 206 4.
1109 182 1131 206 ι’).
1152 183 1176 207 6.
1748 183 1806 212 179

153 268 333 310 principem
368 267 551 297 constiterit
583 267 762 298 censuisse.
816 278 897 308 opus
932 267 993 297 erit
1027 271 1196 308 praeterea
1232 267 1366 297 firmitas
1403 268 1516 297 animi.
1552 270 1587 297 ut
1618 278 1636 297 a
1665 267 1808 298 iustitiae

153 321 281 351 tramite
311 319 408 350 nullis
432 318 632 350 muneribus.
665 319 762 349 nullis
786 318 965 349 terroribus
990 320 1165 350 auferatur.
1212 319 1293 349 Nam
1320 330 1375 359 pro
1401 319 1566 360 aequitate
1592 319 1752 350 servanda
1777 323 1809 349 et
1872 322 1888 348 ι’)

153 372 247 403 nobis
277 372 417 413 patimur
446 370 637 403 contradici,
669 371 719 401 eui
750 371 846 401 etiam
877 374 1004 412 oportet
1034 370 1191 401 oboediri.
1239 371 1295 401 sed
1327 370 1398 401 vide.
1429 375 1463 401 ut
1494 374 1617 400 tantum
1643 370 1809 401 doctrinae

153 424 295 462 deferas,
333 426 492 464 quatenus
529 423 743 464 probabiliter
779 423 886 453 onmia
923 422 1121 463 perquisitus
1158 433 1315 463 exponas,
1367 422 1449 452 aliae
1482 422 1601 463 quippe
1634 421 1809 463 dignitates

153 485 355 507 assessorum
387 474 506 504 solacia
535 478 708 515 quaerant:
742 478 796 504 tua
821 485 898 505 vero
928 474 1068 513 dignitas
1100 474 1237 515 principi
1262 474 1397 504 consilia
1423 474 1666 506 sumministrat.
1713 479 1809 516 atque
1842 483 1851 499 ⁵·

152 526 225 557 ideo
250 526 443 568 prudentiae
465 525 515 555 vel
538 525 747 566 eloquentiae
766 530 840 555 tuae
858 525 943 555 fama
960 525 1127 566 provocati
1146 528 1353 566 quaesturam
1373 525 1440 556 tibi.
1466 526 1600 565 gloriam
1619 526 1809 560 litterarum.

153 578 317 609 civilitatis
342 577 510 618 templum.
540 577 739 617 genetricem
765 577 905 607 omnium
931 576 1137 617 dignitatum.
1170 577 1390 607 continentiae
1416 577 1623 613 domicilium.
1654 578 1808 608 virtutum

153 631 294 661 omnium
320 629 441 663 sedem.
468 638 525 670 per
549 629 635 659 illam
661 629 870 660 indictionem
894 628 954 658 deo
980 632 1168 669 praestante
1193 628 1411 660 concedimus.
1440 632 1475 659 ut
1499 629 1544 659 sic
1570 640 1659 669 agas.
1691 640 1803 670 quem-

156 681 329 713 admodum
354 685 386 711 te
409 691 521 721 parem
547 679 643 710 rebus
667 680 841 721 praedictis
866 691 939 711 esse
966 680 1156 711 contendas.
1204 680 1253 710 Ad
1280 684 1310 710 te
1335 681 1420 710 enim
1446 681 1628 721 provinciae
1654 691 1711 711 sua
1736 684 1812 711 vota
1873 682 1890 707 (ἱ

155 734 394 765 transmittunt:
420 743 438 763 a
462 736 492 762 te
519 736 652 763 senatus
678 733 755 763 iuris
781 733 907 773 quaerit
932 733 1104 763 auxilium:
1135 743 1153 762 a
1178 736 1208 763 te
1234 732 1319 763 docti
1346 732 1521 773 probantur
1545 735 1699 773 expetere
1725 732 1806 772 quod
1830 739 1853 756 υ·

154 788 328 819 noverunt.
364 787 396 815 et
432 794 567 814 necesse
601 784 658 814 tibi
690 787 738 814 est
770 784 918 814 omnibus
952 784 1116 819 sufficere.
1153 787 1291 825 quantos
1323 794 1341 813 a
1372 783 1463 814 nobis
1496 783 1667 823 contigerit
1700 783 1808 824 legum

153 837 298 868 remedia
328 836 506 877 postulare.
557 835 613 865 sed
648 846 718 865 cum
751 835 831 866 haec
864 836 969 866 omnia
1002 836 1135 873 feceris,
1170 836 1267 866 nullis
1298 835 1493 866 elationibus
1525 834 1687 867 efferaris.
1723 834 1811 864 nulla

154 888 332 920 mordearis
356 887 491 918 invidia.
525 887 640 917 alienis
667 887 908 918 calamitatibus
934 897 997 917 non
1022 887 1167 923 laeteris.
1200 887 1273 928 quia
1300 886 1382 928 quod
1408 886 1554 917 odiosum
1585 889 1635 916 est
1664 886 1811 927 principi,

153 951 216 971 non
248 942 356 982 potest
386 939 558 969 convenire
589 939 763 979 quaestori.
810 949 928 969 exerce
954 942 1149 980 potestatem
1174 939 1328 980 principis
1355 938 1542 969 condicione
1568 938 1717 968 subiecti.
1765 938 1809 968 si<-

153 1003 208 1023 ore
232 995 342 1022 nostro
366 991 564 1031 glorificatus
583 991 747 1031 eloquere.
772 994 806 1021 nt
825 996 855 1022 te
873 995 982 1021 tamen
1001 991 1159 1021 rationem
1178 990 1291 1021 eredas
1309 990 1402 1020 nobis
1420 990 1580 1020 iudicibus
1599 989 1807 1022 redditurum.
1831 996 1853 1014 1⁵

153 1045 208 1075 ubi
238 1047 293 1075 aut
321 1042 494 1084 culpabilis
520 1042 775 1073 vicissitudinem
806 1044 919 1084 recipit
949 1046 1004 1073 aut
1032 1043 1105 1073 boni
1136 1043 1292 1084 propositi
1322 1042 1458 1082 gloriam
1484 1040 1635 1072 laudatus
1660 1041 1810 1082 adquirit.

956 1171 1013 1202 VI.

556 1240 774 1271 FORMULA
800 1240 1110 1271 MAGISTERIAE
1137 1239 1411 1271 DIGNITATIS.

260 1309 489 1341 Reverendum
515 1309 670 1339 honorem
698 1310 809 1345 sumit.
839 1310 982 1351 quisquis
1009 1310 1153 1350 magistri
1180 1320 1296 1340 nomen
1321 1310 1500 1351 acceperit.
1532 1309 1607 1350 quia
1631 1309 1689 1339 hoc
1715 1319 1810 1339 voca-
1880 1311 1887 1337 1

153 1363 263 1394 bulum
289 1373 419 1404 semper
443 1362 482 1393 de
507 1363 625 1404 peritia
651 1362 739 1392 venit
764 1366 797 1393 et
826 1363 857 1392 in
886 1363 1015 1393 nomine
1046 1363 1261 1403 cognoscitur.
1293 1361 1367 1402 quid
1400 1361 1441 1391 sit
1471 1360 1511 1391 de
1541 1361 1683 1391 moribus
1713 1361 1811 1391 aesti-

152 1415 317 1446 mandum.
371 1414 411 1445 ad
447 1424 519 1444 eum
555 1414 705 1444 nimirum
741 1414 852 1454 palatii
886 1414 1029 1455 pertinet
1061 1414 1248 1455 disciplina:
1286 1414 1356 1455 ipse
1389 1412 1596 1443 insolentium
1630 1412 1809 1442 scholarum
1831 1419 1855 1436 2⁰

154 1478 259 1498 mores
276 1467 473 1509 procellosos
498 1465 731 1496 moderationis
757 1476 835 1496 suae
860 1476 1015 1507 prospero
1043 1465 1234 1496 disserenat.
1273 1467 1339 1495 tam
1366 1464 1458 1494 multi
1485 1464 1613 1494 ordines
1640 1464 1708 1494 sine
1735 1474 1810 1493 con-

153 1519 280 1550 fusione
306 1519 415 1560 aliqua
439 1520 675 1559 componuntur
700 1521 732 1548 et
756 1517 825 1558 ipse
851 1518 990 1548 sustinet
1015 1528 1095 1548 onus
1114 1517 1267 1555 omnium,
1293 1516 1374 1557 quod
1392 1516 1492 1547 habet
1508 1515 1603 1546 turba
1620 1515 1804 1546 discretum.

154 1572 201 1602 sic
235 1571 373 1602 nominis
409 1571 458 1601 sui
497 1570 658 1611 gravitate
697 1569 884 1610 perfunctus
918 1572 1010 1599 ornat
1043 1569 1169 1599 actibus
1204 1568 1429 1610 principatum.
1481 1567 1545 1598 Per
1578 1578 1651 1598 eum
1683 1571 1813 1598 senator
1875 1568 1893 1596 2

154 1623 288 1653 veniens
313 1622 433 1653 nostris
458 1625 685 1664 praesentatur
709 1621 892 1651 obtutibus:
925 1624 1089 1651 ammonet
1119 1620 1297 1662 trepidum.
1328 1619 1490 1660 componit
1520 1619 1722 1660 loquentem.
1755 1629 1814 1649 sua

155 1675 231 1716 quin
263 1674 362 1706 etiam
389 1674 491 1705 verba
521 1674 603 1704 solet
634 1673 795 1703 inserere.
827 1675 863 1702 ut
893 1683 951 1703 nos
980 1672 1136 1703 decenter
1159 1672 1266 1702 omnia
1290 1671 1468 1702 debeamus
1494 1669 1614 1701 audire.
1662 1673 1811 1712 aspectus
1831 1677 1854 1694 ²⁵

155 1726 237 1767 regii
266 1725 353 1756 haud
383 1726 492 1756 irritus
523 1725 710 1767 promissor.
744 1724 970 1754 collocutionis
995 1728 1124 1754 nostrae
1149 1724 1308 1765 gloriosus
1334 1723 1478 1753 donator.
1508 1722 1605 1752 aulici
1631 1722 1811 1752 consistorii

155 1778 247 1819 quasi
271 1777 401 1818 quidam
425 1777 553 1808 lucifer:
590 1787 662 1807 nam
689 1777 770 1806 sicut
794 1775 848 1806 illc
874 1780 1044 1806 venturum
1070 1775 1155 1806 diem
1181 1775 1353 1817 promittit.
1385 1774 1429 1804 sic
1459 1774 1520 1803 istc
1553 1772 1812 1804 desiderantibus

155 1830 262 1860 vultus
295 1832 425 1860 nostrae
458 1829 645 1860 serenitatis
678 1828 835 1859 attribuit.
889 1838 1059 1858 causarum
1093 1831 1263 1869 praeterea
1298 1827 1473 1857 maximum
1511 1825 1637 1866 pondus
1673 1825 1704 1855 in
1743 1825 1811 1856 eius

155 1881 343 1912 audientiae
369 1881 493 1912 sinibus
518 1881 639 1922 optima
663 1880 836 1911 securitate
862 1880 1063 1920 reponimus.
1093 1883 1129 1909 ut
1154 1880 1222 1909 eius
1247 1879 1330 1909 euris
1356 1877 1505 1908 fidelibus
1536 1876 1695 1907 sublevati
1725 1876 1812 1907 utili—

154 1933 274 1964 tatibus
299 1933 438 1974 publicis
463 1933 607 1963 vivacius
633 1942 840 1973 occupemur.
880 1931 1083 1962 Veredorum
1115 1932 1190 1973 quin
1222 1932 1317 1962 etiam
1347 1933 1563 1972 opportunam
1595 1929 1812 1963 velocitatem.
1833 1935 1857 1952 2³0
1876 1930 1893 1958 3

155 1995 291 2027 quorum
317 1988 421 2015 status
447 1995 577 2026 semper
601 1984 632 2014 in
657 1995 753 2015 cursu
783 1987 847 2014 est.
878 1983 1066 2024 diligentiae
1098 1994 1176 2014 suae
1206 1983 1409 2014 districtione
1440 1980 1594 2014 custodit,
1628 1983 1662 2010 ut
1692 1980 1812 2011 solliei-

154 2036 284 2068 tudines
313 2039 457 2072 nostras,
488 2047 568 2077 quas
598 2036 735 2066 consilio
764 2036 867 2071 iuvat.
898 2035 1056 2066 beneficio
1088 2036 1265 2066 celeritatis
1291 2034 1456 2076 expediat.
1502 2032 1566 2063 Per
1590 2042 1663 2063 eum
1689 2032 1810 2063 exteris
1876 2035 1893 2062 4

155 2088 306 2129 gentibus
331 2088 372 2119 ad
396 2088 526 2119 laudem
551 2088 596 2118 rei
621 2088 771 2129 publicae
796 2090 924 2117 nostrae
950 2087 1118 2117 ordinatur
1141 2087 1327 2118 humanitas
1346 2090 1378 2117 et
1396 2085 1545 2116 nolentes
1563 2084 1710 2117 redeunt.
1735 2094 1813 2125 quos

155 2143 338 2171 maerentes
371 2140 549 2182 exceperit.
601 2150 658 2181 per
690 2150 763 2169 eum
795 2140 913 2180 quippe
946 2139 1036 2169 nobis
1068 2139 1250 2179 legatorum
1283 2138 1430 2180 quamvis
1462 2137 1686 2167 festinantium
1718 2146 1811 2177 prae-

155 2192 323 2223 nuntiatur
353 2192 526 2223 adventus:
563 2202 622 2233 per
652 2202 724 2221 eum
757 2191 894 2221 nominis
928 2191 1027 2221 nostri
1061 2191 1242 2221 destinatur
1275 2191 1399 2221 evectio
1435 2192 1468 2220 et
1502 2188 1554 2218 isti
1590 2187 1812 2229 principaliter
1832 2193 1855 2210 35·

156 2243 308 2282 creditur7
333 2244 419 2285 quod
436 2247 502 2274 tam
519 2243 742 2274 necessarium
760 2253 833 2273 esse
852 2243 999 2273 sentitur.
1039 2242 1099 2273 His
1119 2243 1217 2273 etiam
1234 2242 1399 2273 laboribus
1417 2240 1597 2271 aestimatis
1616 2242 1812 2280 potestatem

155 2297 332 2327 maximam
364 2296 438 2328 huic
463 2297 609 2327 decrevit
632 2295 825 2337 antiquitas.
855 2298 890 2325 ut
914 2305 1008 2325 nemo
1032 2295 1173 2326 iudicum
1199 2306 1256 2336 per
1280 2293 1464 2336 provincias
1488 2292 1595 2322 fasces
1620 2294 1810 2322 assumeret.

1877 2240 1893 2266 5

261 2417 514 2450 LRKPOEIDEOE)

259 2489 275 2513 2
295 2497 339 2521 pro
352 2485 490 2519 aequitate]
506 2496 549 2519 pra
563 2486 699 2518 equalitate
713 2485 741 2511 Γ,
761 2485 860 2517 proprie
874 2485 997 2516 qualitate
1013 2484 1036 2507 T
1119 2485 1134 2508 ἴ)
1148 2485 1237 2509 solario
1250 2484 1277 2508 Κ
1328 2483 1522 2508 subministrant
1539 2482 1565 2512 T,
1585 2482 1638 2506 siue
1653 2482 1778 2505 ministrat
1793 2480 1817 2504 Γ

156 2532 171 2557 G
190 2537 236 2557 tua
247 2532 275 2557 K
361 2531 375 2556 7
394 2529 534 2562 ciuilitatis]
555 2530 706 2554 curialitatis
720 2529 758 2552 Ε1
815 2526 948 2560 templum]
969 2528 1114 2560 exemplum
1129 2528 1168 2551 Ε2
1257 2527 1272 2551 9
1292 2527 1423 2551 contendis
1437 2525 1465 2555 Γ,
1484 2525 1607 2549 concedas
1623 2524 1646 2548 Τ
1726 2523 1754 2548 11
1776 2530 1813 2548 est

155 2575 201 2599 tibi
216 2575 240 2599 P
331 2573 363 2598 12
382 2575 495 2599 onmium
514 2573 565 2597 TIv
621 2570 741 2603 efferaris]
762 2571 873 2595 efferatis
888 2571 915 2601 T,
934 2580 981 2594 mn.
999 2571 1023 2593 l*
1114 2571 1146 2596 13
1166 2572 1250 2595 odium
1267 2571 1294 2595 K
1390 2570 1421 2594 15
1440 2567 1535 2600 nostro]
1557 2576 1617 2592 uero
1634 2568 1652 2591 ,¹1
1719 2566 1812 2598 tamen]

156 2622 256 2643 tautum
269 2618 347 2642 PEF
432 2616 513 2649 nobis]
535 2617 626 2641 nostris
641 2616 668 2639 F
787 2613 821 2638 *20
840 2615 947 2646 pertinet
966 2623 1012 2638 0⁷11.
1028 2614 1071 2638 K¹
1195 2614 1226 2639 *21
1247 2613 1414 2639 modeationis
1429 2612 1469 2636 Pa
1552 2608 1680 2642 prospero]
1701 2610 1814 2634 terminis

156 2669 275 2693 prospere.
290 2661 312 2685 A
418 2659 452 2684 22
471 2659 548 2692 quod]
573 2660 633 2691 quid
648 2659 681 2685 Κ,
704 2666 779 2690 quem
794 2657 846 2681 EF
948 2656 980 2681 ‘23
1001 2662 1106 2682 senatus
1119 2658 1147 2682 F
1249 2656 1281 2681 ‘24
1301 2656 1454 2688 intrepidum
1469 2654 1507 2678 [ιΗ
1610 2652 1643 2677 ‘25
1663 2661 1708 2676 nos
1727 2661 1774 2676 om.
1790 2652 1817 2675 F

155 2702 189 2728 26
203 2703 274 2736 regii]
287 2703 469 2729 IsE¹FAr‘'³).
488 2704 541 2735 regi
552 2702 742 2727 LJtPTE‘ss-le.
755 2701 821 2732 regis
836 2699 864 2727 Γ,
877 2700 963 2732 regius
974 2700 996 2723 Α
1005 2702 1045 2716 Μ’)
1097 2706 1142 2725 aut
1158 2701 1186 2730 T,
1198 2706 1223 2725 at
1239 2700 1261 2723 Γ
1341 2698 1374 2723 25)
1388 2698 1512 2723 audaciae
1524 2696 1560 2719 ,1μ
1610 2695 1703 2719 tinibus
1717 2694 1813 2718 TI'FA

156 2746 187 2771 31
208 2756 316 2778 quorum
335 2750 417 2771 status
436 2755 535 2778 semper
554 2747 579 2770 in
604 2744 691 2776 cursu]
721 2752 828 2775 quorum
853 2747 941 2767 tantus
965 2752 1063 2775 semper
1087 2744 1113 2768 in
1137 2753 1213 2768 cursu
1230 2744 1258 2769 Γ,
1282 2744 1355 2767 euius
1379 2750 1477 2773 semper
1500 2745 1599 2764 tantum
1623 2739 1648 2762 in
1672 2746 1774 2762 cursum
1794 2737 1817 2760 T

157 2789 190 2814 3‘2
208 2791 283 2815 eteris
296 2790 338 2814 Ρὶι
433 2788 466 2814 34
485 2794 626 2814 maerentes
643 2788 727 2820 potius
746 2796 821 2819 quam
841 2791 966 2811 merentes
1029 2788 1174 2818 exceperint
1194 2787 1221 2817 T,
1240 2789 1413 2818 extemperant
1430 2784 1454 2807 ζ’
1547 2781 1580 2806 3ῖ)
1600 2781 1707 2805 nominis
1727 2781 1762 2803 lais
1776 2780 1814 2804 E:

157 2833 267 2857 muniuis
289 2833 391 2857 Iov-etus
495 2832 528 2857 36
548 2841 598 2863 quo
618 2831 667 2855 TI*
768 2829 800 2854 :37
820 2830 932 2854 decreuit
952 2838 999 2854 om.
1019 2829 1069 2853 TV
1136 2831 1256 2856 iudicium
1279 2829 1305 2853 Κ
1373 2832 1483 2852 sumeret
1504 2826 1553 2850 TI*

1606 2869 1658 2894 23²*-
