2279 3261
413 668 422 683 ,ἢ

401 925 423 942 lU

400 1183 422 1201 15

450 209 507 238 184
1164 206 1376 232 CASSIODORI

1249 370 1288 400 X.

762 436 978 467 FORMULA
1009 436 1100 472 QUA
1130 437 1218 468 PER
1247 437 1514 468 CODICILLOS
1541 437 1777 470 VACANTES

1068 488 1299 520 PROCERES
1325 488 1472 519 FIANT.

547 557 814 588 Periclitarentur
842 557 983 598 graviter
1011 557 1085 588 boni
1110 569 1230 596 mores„
1260 559 1285 588 si
1311 561 1366 588 aut
1391 558 1468 588 solis
1494 557 1646 589 divitibus
1671 561 1726 589 aut
1750 569 1883 600 corpore
1909 559 2092 590 valentibus

443 612 685 650 praestarentur
709 609 930 640 tantummodo
956 609 1146 650 dignitates,
1174 609 1248 639 dum
1280 610 1399 640 multos
1429 610 1573 640 invenias
1605 610 1759 641 excubias
1789 611 1901 651 palatii
1931 610 2091 652 refugere,

444 661 497 701 qui
529 660 632 701 magis
665 663 800 701 possunt
834 660 989 691 laudabili
1023 661 1272 692 conversatione
1309 661 1444 701 fulgere.
1499 662 1607 692 multis
1643 662 1726 692 enim
1762 662 1900 693 facultas
1937 673 1995 693 sua
2029 673 2092 693 non

445 712 563 742 sufficit
597 712 637 742 ad
671 712 885 753 triumphum,
924 712 1032 742 multis
1068 712 1373 753 philosophantibus
1410 713 1553 754 eorporis
1585 713 1728 744 valitudo
1761 713 1960 744 subtrahitur
1994 716 2025 744 et
2057 714 2092 744 fit

443 763 646 805 plerumque,
676 766 711 794 ut
735 763 899 804 sapientes
924 763 1155 794 inremunerati
1181 764 1325 801 iaceant7
1357 764 1382 793 si
1408 774 1536 805 semper
1559 764 1707 795 homines
1731 764 1770 795 ad
1795 765 1932 796 honores
1958 765 2091 796 comita-

442 815 525 846 tensi
550 815 777 846 observatione
802 815 1002 856 perveniant.
1050 826 1155 845 rarum
1188 818 1237 845 est
1267 815 1320 845 11111
1352 816 1454 846 multa
1484 816 1658 851 confluere„
1693 827 1765 847 eum
1795 816 1941 847 omnibus
1972 816 2092 848 debeat

441 866 608 907 regnantis
633 866 737 907 pietas
763 866 943 897 subvenire.
992 866 1074 901 Quid
1108 867 1133 897 si
1165 878 1327 908 expensas
1358 868 1543 898 consulatus
1573 878 1697 909 pauper
1726 868 1842 898 nobilis
1874 872 2091 909 expavescat?

443 917 517 958 quid
547 918 572 948 si
604 918 762 958 sapientia
795 918 900 948 clarus
932 919 1158 959 praefecturae
1189 922 1330 959 nequeat
1362 920 1522 950 sustinere
1553 920 1738 950 molestias?
1785 919 1858 960 quid
1892 920 1918 950 si
1948 919 2093 961 pondera

442 972 635 1009 quaesturae
661 969 797 999 affluens
823 970 934 1009 lingua
957 969 1127 1000 formidet?
1168 970 1242 1011 quid
1269 971 1293 1000 si
1318 971 1432 1012 reliqui
1456 971 1563 1002 fasces
1588 971 1810 1002 molestiarum
1828 971 1933 1002 taedio
1950 972 2093 1003 vitentur

443 1021 522 1051 forte
552 1031 647 1061 quam
677 1021 820 1051 meritis?
867 1031 973 1051 nonne
999 1021 1025 1051 si
1049 1032 1067 1051 a
1093 1022 1217 1061 magnis
1242 1022 1319 1052 viris
1346 1022 1423 1053 talia
1446 1023 1622 1063 fugiantur,
1653 1024 1684 1053 in
1711 1023 1938 1054 verecundiam
1963 1027 2092 1054 nostrae

442 1071 700 1103 mansuetudinis
727 1072 888 1113 quandam
913 1073 1076 1113 repulsam
1102 1074 1282 1115 suscipiunt
1307 1074 1504 1115 dignitates?
1552 1078 1670 1116 quanto
1695 1075 1811 1105 iustius
1842 1075 1925 1105 bono
1955 1075 2092 1117 principi

442 1125 717 1155 inremuneratum
753 1124 830 1155 nihil
868 1125 1064 1165 relinquerei
1102 1125 1184 1166 quod
1220 1126 1297 1156 fecit
1332 1130 1448 1157 natura
1483 1126 1659 1157 laudabile!
1715 1126 1875 1167 sapientia
1912 1130 1975 1163 est,
2011 1137 2093 1168 quae

443 1176 583 1206 honores
620 1179 773 1212 meretur,
809 1179 909 1206 totum
946 1176 1033 1207 aliud
1070 1177 1276 1208 extrinsecus
1314 1178 1410 1210 venit.
1466 1179 1535 1209 sola
1571 1182 1620 1208 est
1654 1178 1840 1219 prudentia,
1881 1189 1962 1219 quae
1996 1179 2093 1209 rebus

443 1227 590 1258 omnibus
619 1228 840 1269 praeponitur,
871 1228 998 1268 quando
1028 1229 1059 1259 in
1090 1229 1218 1259 homine
1249 1229 1388 1260 feliciter
1418 1230 1588 1261 invenitur.
1635 1230 1676 1260 sit
1706 1229 1790 1271 apud
1816 1240 1874 1260 nos
1900 1233 1932 1260 et
1955 1230 2092 1260 fortunis

441 1279 670 1320 integerrimus
695 1280 886 1313 consularis
913 1280 976 1310 sint
1000 1284 1033 1311 et
1058 1281 1127 1311 sine
1153 1281 1248 1321 longo
1274 1281 1383 1312 labore
1408 1282 1572 1323 primates5
1598 1282 1741 1313 habeant
1766 1282 1923 1312 exercitia
1947 1282 2093 1323 praemia

442 1341 512 1361 sua:
550 1331 606 1362 sed
636 1334 668 1361 et
696 1331 757 1362 iste
787 1331 986 1362 honorabilis
1017 1332 1105 1362 loeus
1135 1333 1189 1363 sit.
1221 1334 1273 1374 qui
1305 1337 1427 1364 tanturn
1458 1334 1581 1364 moritis
1607 1336 1822 1375 comparatur.
1869 1333 1983 1374 Neque
2008 1334 2093 1364 enim

440 1382 579 1413 absurde
605 1383 695 1423 leges
721 1383 960 1414 sacratissimae
987 1389 1184 1415 censuerunt
1213 1396 1284 1419 eos,
1317 1396 1396 1426 quos
1431 1386 1534 1417 bonae
1568 1386 1729 1427 opinionis
1761 1385 1845 1416 fama
1876 1386 2091 1424 commendat,

399 1440 409 1458 '2
443 1433 600 1464 codicillis
633 1434 822 1465 vacantibus
852 1435 934 1465 tales
964 1446 1120 1476 quaerere
1155 1437 1367 1468 summitates.
1415 1448 1495 1478 quos
1527 1438 1588 1468 etsi
1619 1437 1756 1468 facultas
1786 1437 1817 1468 in
1847 1437 1928 1467 tanti
1959 1437 2093 1468 honoris

439 1488 597 1526 apparatu
630 1485 810 1517 desereret.
845 1487 945 1517 virtus
978 1488 1107 1518 conscia
1139 1499 1201 1518 11011
1235 1489 1365 1520 celaret.
1412 1489 1545 1519 animati
1577 1493 1650 1520 sunt
1681 1489 1720 1519 ad
1753 1489 1846 1523 talia,
1880 1489 1933 1530 qui
1964 1488 2003 1519 de
2035 1500 2093 1520 sua

440 1537 632 1568 videbantur
650 1537 824 1579 desperare
843 1540 978 1569 fortuna.
1017 1539 1076 1570 hoc
1103 1544 1134 1570 et
1160 1540 1376 1571 validissimus
1401 1540 1441 1571 ad
1466 1540 1605 1572 labores.
1631 1541 1691 1571 hoc
1716 1544 1747 1571 et
1771 1540 1931 1571 inbecillis
1957 1551 2091 1582 corpore

441 1592 585 1619 meretur
609 1589 648 1619 ad
674 1589 795 1620 laudes.
844 1601 915 1620 nam
942 1602 1054 1621 omnes
1080 1592 1138 1622 sub
1164 1592 1353 1623 diversitate
1378 1593 1615 1634 praedicantur,
1648 1604 1727 1634 quos
1753 1592 1938 1623 huiusmodi
1963 1593 2091 1624 honoris

440 1652 557 1672 nomen
583 1642 790 1683 amplectitur
815 1646 847 1673 et
870 1643 974 1683 magis
1000 1644 1109 1674 nescio
1140 1644 1217 1685 quid
1246 1645 1386 1686 amplius
1417 1645 1522 1676 meriti
1553 1645 1730 1675 extorsisse
1760 1643 1911 1676 creditur.
1944 1644 1997 1685 qui
2026 1655 2093 1675 rem

398 1693 658 1723 2510110111111111111
685 1694 808 1724 otiosus
836 1695 993 1725 meruisse
1019 1696 1166 1726 sentitur.
1213 1696 1321 1737 Atque
1347 1696 1419 1727 ideo
1445 1697 1673 1737 praesentibus
1705 1696 1860 1726 codicillis
1891 1696 1931 1727 ab
1961 1696 2016 1726 illa
2043 1696 2091 1726 in-

397 1958 421 1976 3¹)

440 1744 580 1776 dictione
606 1745 684 1776 illud
710 1745 765 1776 tibi
790 1747 930 1787 propitia
955 1746 1123 1777 divinitate
1141 1747 1290 1783 defende,
1315 1752 1350 1778 ut
1368 1748 1576 1779 considerata.
1594 1749 1718 1779 ratione
1737 1748 1919 1789 praesentis
1936 1747 2091 1789 temporis

440 1796 548 1838 adepti
585 1796 713 1827 honoris
746 1797 856 1827 ordine
888 1798 1037 1839 potiaris:
1074 1799 1119 1829 ita
1150 1803 1273 1836 tamen,
1311 1803 1345 1829 ut
1377 1800 1421 1830 illi
1455 1800 1559 1830 modis
1591 1799 1740 1830 omnibus
1771 1799 2004 1841 praeferantur,
2038 1799 2091 1840 qui

440 1847 556 1878 sudore
575 1848 717 1878 maximo
736 1849 854 1879 nostris
872 1850 1058 1891 aspectibus
1077 1851 1251 1883 affuerunt.
1291 1862 1424 1882 neeesse
1443 1856 1493 1882 est
1518 1852 1614 1882 enim.
1642 1855 1676 1882 ut
1700 1862 1798 1882 unum
1824 1851 1918 1882 cedat
1942 1851 2091 1881 meritum

441 1899 566 1930 duobus
592 1900 742 1931 evictum.
790 1901 933 1942 alioquin
958 1913 1069 1933 omnes
1095 1902 1134 1933 ad
1160 1903 1286 1943 quietas
1310 1907 1448 1944 possunt
1473 1914 1602 1935 currere
1628 1904 1821 1944 dignitates,
1854 1903 1880 1933 si
1904 1903 2091 1934 laborantes

440 1951 571 1981 minime
589 1952 815 1992 praeferantur
832 1953 954 1983 otiosis.
995 1958 1236 1995 consequantur
1260 1955 1315 1985 illa
1339 1955 1393 1996 qui
1418 1960 1564 1997 possunt,
1591 1966 1649 1986 nec
1674 1955 1765 1986 vobis
1791 1954 1897 1985 desint
1922 1954 1985 1985 ista
2009 1965 2091 1996 quae

441 2002 594 2033 cedimus.
642 2003 687 2033 sic
718 2007 854 2044 utraque
885 2005 990 2045 gratia
1018 2006 1169 2036 concitati
1200 2010 1231 2036 et
1261 2007 1306 2037 illi
1336 2006 1376 2037 ad
1408 2007 1528 2048 palatia
1560 2011 1670 2038 nostra
1700 2007 1852 2037 festinare
1885 2009 2037 2047 poterunt
2061 2008 2092 2036 et

440 2065 496 2085 vos
522 2055 625 2096 optati
652 2055 783 2086 honoris
807 2056 928 2097 gaudia
952 2058 1156 2090 comitantur.

547 2192 798 2225 LRKPffUfflffl

543 2277 559 2302 4
578 2280 665 2311 fugere
680 2279 737 2305 EF.
756 2284 916 2311 resurgentes
935 2280 957 2303 T
973 2280 1035 2309 (non
1052 2281 1084 2312 T')
1189 2282 1204 2305 Γ)
1224 2283 1320 2314 possint
1334 2283 1370 2306 ΑΘ
1472 2282 1487 2306 6
1506 2284 1537 2307 sit
1556 2283 1582 2313 Ty
1601 2284 1636 2307 sic
1653 2283 1676 2306 U
1778 2283 1791 2307 7
1812 2284 1894 2308 iacent
1907 2282 1946 2307 L¹
2016 2284 2091 2308 eomi-

439 2323 503 2347 tensi
522 2322 569 2352 L¹‚
588 2323 737 2347 e‹.nnitantes
757 2324 776 2347 si
793 2323 821 2353 U,
844 2325 1022 2349 conmittantes
1042 2325 1061 2349 si
1082 2325 1104 2348 T
1203 2325 1219 2349 8
1239 2325 1287 2358 est]
1306 2330 1344 2351 est
1361 2327 1428 2350 0111111
1446 2326 1547 2350 TI'EF
1614 2327 1658 2350 uni
1678 2327 1732 2353 (ubi
1746 2326 1798 2353 El)
1819 2325 1906 2358 multa]
1926 2327 1951 2350 111
1971 2326 2050 2350 multa
2063 2326 2091 2357 U,

439 2366 519 2390 multa
545 2366 590 2390 11111
615 2365 638 2388 Τ
764 2366 779 2388 §l
807 2367 923 2398 expensis
945 2368 981 2390 A?
1078 2377 1236 2400 expauescas
1260 2369 1297 2393 [Α
1432 2369 1463 2393 10
1491 2370 1626 2394 modestias
1649 2369 1699 2393 TI*
1830 2369 1861 2393 1⁴2
1889 2367 1976 2401 quam]
2004 2369 2091 2393 malim

441 2418 559 2441 perquam
670 2410 765 2433 meritis
793 2419 840 2434 0771.
859 2410 898 2433 Pa
1015 2412 1038 2435 in
1068 2412 1258 2443 uerecundiam}
1287 2412 1413 2439 KEFAr.
1446 2413 1627 2437 inuerecnndia
1653 2412 1842 2438 L²RPTFA⁶2
1874 2412 2029 2437 uerecundia
2051 2412 2090 2436 L¹

441 2451 472 2475 13
496 2460 614 2484 repusani
634 2452 673 2475 F¹
767 2453 900 2484 dignitatis
923 2454 946 2476 lu*
1033 2456 1133 2486 quando
1155 2455 1177 2478 li*
1303 2455 1331 2479 14
1356 2456 1416 2480 facit
1436 2456 1457 2479 A
1584 2456 1613 2480 15
1638 2460 1737 2480 tantum
1762 2465 1808 2480 um.
1827 2456 1851 2480 P
1973 2455 2003 2479 19
2022 2456 2092 2488 leges

440 2504 487 2518 υήι.
510 2494 559 2518 TU
690 2495 719 2519 :²1
750 2496 832 2519 uirtus
860 2496 970 2528 conscia]
995 2497 1154 2525 ΗἚΕῙΡΛῡ,
1189 2499 1270 2523 uirtus
1301 2499 1455 2523 conscientia
1476 2499 1680 2528 L¹R¹J§PaA.r‚
1712 2499 1793 2523 uirtus
1820 2499 2015 2529 eonscientifflle
2037 2498 2092 2529 TU,

439 2539 521 2562 uirtus
541 2539 721 2562 conscientiam
736 2538 785 2563 12¹².
804 2539 906 2563 uirtutis
926 2540 1079 2564 conscientia
1097 2541 1117 2564 L
1125 2540 1178 2564 ²1³¹]
1284 2541 1317 2565 22
1336 2540 1393 2574 hoc]
1414 2543 1487 2566 homo
1502 2542 1541 2566 Ε1
1646 2541 1679 2565 23
1699 2546 1836 2566 mereretur
1849 2542 1873 2565 P
1936 2541 2089 2574 huiusmodi]

440 2582 516 2605 huius
537 2581 601 2604 ΚΑΘ
683 2582 785 2605 lionoris
805 2581 863 2611 (um.
880 2582 955 2613 PAr)
975 2581 1008 2614 n.]
1037 2592 1059 2607 n,
1081 2584 1138 2607 hon.
1161 2585 1197 2607 Ae
1315 2584 1348 2609 *24
1372 2586 1467 2609 meritis
1486 2585 1535 2608 TF
1647 2584 1680 2608 *25
1704 2585 1830 2609 codicellis
1850 2584 1906 2614 LR,
1932 2585 2046 2609 codicelli
2062 2584 2091 2615 U,

439 2624 548 2648 codicilli
567 2624 589 2647 T
673 2622 705 2647 211
725 2624 837 2648 defendit
852 2625 903 2649 EF
954 2627 1077 2657 praesenti
1092 2626 1126 2656 Ji,
1146 2636 1192 2651 om.
1205 2628 1228 2651 R
1320 2627 1353 2651 28
1373 2629 1463 2653 uestris
1478 2628 1516 2652 L¹
1575 2633 1602 2652 ut
1623 2637 1702 2652 unum
1722 2637 1768 2651 om.
1783 2628 1809 2651 l<
1864 2626 1946 2659 cedat]
1962 2627 2091 2658 KTUE2,

440 2668 526 2691 eredat
539 2667 646 2697 ΕΒΓΑ,
665 2668 739 2691 cadat
754 2667 824 2691 E¹F
925 2667 957 2691 29
977 2669 1076 2693 duobus
1096 2670 1207 2694 euictum
1229 2671 1337 2695 {uictum
1356 2671 1410 2701 ΤῙΤ,
1429 2676 1547 2696 enectum
1562 2670 1610 2700 Aa)
1631 2680 1677 2695 υηι.
1693 2671 1720 2695 F
1786 2671 1880 2702 alioqui
1896 2671 1933 2694 Ae
2004 2679 2090 2695 omnes

440 2710 471 2734 ad
491 2710 589 2741 quietas
609 2710 719 2741 (quietos
739 2709 801 2741 ΡΜ]
826 2711 856 2734 ad
876 2720 899 2741 q.
919 2720 984 2735 omn.
1004 2711 1030 2734 F
1102 2720 1233 2737 occurrere
1256 2714 1276 2737 Η
1387 2714 1420 2739 30
1438 2715 1511 2739 nobis
1528 2714 1575 2739 TF
1590 2713 1653 2745 (non
1669 2714 1702 2745 U)
1806 2713 1835 2737 31
1859 2714 2021 2738 concedimus
2040 2713 2090 2745 Pb,

442 2753 568 2777 credimus
589 2752 612 2776 Ii'
682 2757 818 2785 potnerunt
843 2753 866 2776 Ι(
969 2754 1002 2778 32
1021 2754 1110 2787 optati]
1131 2756 1231 2788 adoptat
1254 2757 1277 2782 Ἰ’.
1296 2757 1454 2790 adoptatas
