<?xml version="1.0" encoding="UTF-8"?>
<!DOCTYPE html PUBLIC "-//W3C//DTD XHTML 1.0 Transitional//EN"
    "http://www.w3.org/TR/xhtml1/DTD/xhtml1-transitional.dtd">
<html xmlns="http://www.w3.org/1999/xhtml" xml:lang="en" lang="en">
 <head>
  <title>
</title>
<meta http-equiv="Content-Type" content="text/html;charset=utf-8" />
  <meta name='ocr-system' content='tesseract 3.04.00' />
  <meta name='ocr-capabilities' content='ocr_page ocr_carea ocr_par ocr_line ocrx_word'/>
</head>
<body>
  <div class='ocr_page' id='page_1' title='image "./cassiodorisenato00cass_0371.png"; bbox 0 0 2279 3261; ppageno 0'>
   <div class='ocr_carea' id='block_1_1' title="bbox 787 175 1800 208">
    <p class='ocr_par' dir='ltr' id='par_1_1' title="bbox 787 175 1800 208">
     <span class='ocr_line' id='line_1_1' title="bbox 787 175 1800 208; baseline 0.006 -8"><span class='ocrx_word' id='word_1_1' title='bbox 787 175 981 200; x_wconf 71' lang='lat' dir='ltr'>VARIARVM</span> <span class='ocrx_word' id='word_1_2' title='bbox 1002 175 1048 203; x_wconf 80' lang='lat' dir='ltr'>Vl.</span> <span class='ocrx_word' id='word_1_3' title='bbox 1067 177 1091 201; x_wconf 67' lang='lat'>43.</span> <span class='ocrx_word' id='word_1_4' title='bbox 1112 176 1134 201; x_wconf 83' lang='lat'>7.</span> <span class='ocrx_word' id='word_1_5' title='bbox 1154 176 1178 201; x_wconf 85' lang='grc'>8.</span> <span class='ocrx_word' id='word_1_6' title='bbox 1749 179 1800 208; x_wconf 83' lang='grc'>181</span> 
     </span>
    </p>
   </div>
   <div class='ocr_carea' id='block_1_2' title="bbox 157 261 1812 459">
    <p class='ocr_par' dir='ltr' id='par_1_2' title="bbox 157 261 1812 459">
     <span class='ocr_line' id='line_1_2' title="bbox 158 261 1812 304; baseline 0.001 -11"><span class='ocrx_word' id='word_1_7' title='bbox 158 263 269 293; x_wconf 87' lang='lat' dir='ltr'>stituta</span> <span class='ocrx_word' id='word_1_8' title='bbox 293 262 464 293; x_wconf 88' lang='lat' dir='ltr'>maiorum!</span> <span class='ocrx_word' id='word_1_9' title='bbox 505 265 540 292; x_wconf 90' lang='lat' dir='ltr'>ut</span> <span class='ocrx_word' id='word_1_10' title='bbox 565 265 597 292; x_wconf 90' lang='lat' dir='ltr'>et</span> <span class='ocrx_word' id='word_1_11' title='bbox 621 261 728 302; x_wconf 83' lang='lat' dir='ltr'>imago</span> <span class='ocrx_word' id='word_1_12' title='bbox 754 261 935 303; x_wconf 77' lang='lat' dir='ltr'>principum</span> <span class='ocrx_word' id='word_1_13' title='bbox 960 261 1125 292; x_wconf 80' lang='lat' dir='ltr'>subiectos</span> <span class='ocrx_word' id='word_1_14' title='bbox 1151 262 1317 293; x_wconf 80' lang='lat' dir='ltr'>videretur</span> <span class='ocrx_word' id='word_1_15' title='bbox 1341 272 1476 304; x_wconf 85' lang='lat' dir='ltr'>pascere</span> <span class='ocrx_word' id='word_1_16' title='bbox 1501 272 1559 303; x_wconf 88' lang='lat' dir='ltr'>per</span> <span class='ocrx_word' id='word_1_17' title='bbox 1577 262 1812 295; x_wconf 76' lang='lat' dir='ltr'>commercium.</span> 
     </span>
     <span class='ocr_line' id='line_1_3' title="bbox 158 313 1811 356; baseline -0.001 -11"><span class='ocrx_word' id='word_1_18' title='bbox 158 324 291 356; x_wconf 87' lang='lat' dir='ltr'>quorum</span> <span class='ocrx_word' id='word_1_19' title='bbox 311 313 447 344; x_wconf 84' lang='lat' dir='ltr'>consilia</span> <span class='ocrx_word' id='word_1_20' title='bbox 463 313 634 354; x_wconf 86' lang='lat' dir='ltr'>invigilare</span> <span class='ocrx_word' id='word_1_21' title='bbox 653 324 716 344; x_wconf 90' lang='lat' dir='ltr'>non</span> <span class='ocrx_word' id='word_1_22' title='bbox 735 313 886 344; x_wconf 85' lang='lat' dir='ltr'>desinunt</span> <span class='ocrx_word' id='word_1_23' title='bbox 903 324 960 355; x_wconf 89' lang='lat' dir='ltr'>pro</span> <span class='ocrx_word' id='word_1_24' title='bbox 980 314 1084 344; x_wconf 85' lang='lat' dir='ltr'>salute</span> <span class='ocrx_word' id='word_1_25' title='bbox 1104 318 1302 345; x_wconf 84' lang='lat' dir='ltr'>cunctorum.</span> <span class='ocrx_word' id='word_1_26' title='bbox 1343 313 1407 344; x_wconf 84' lang='lat' dir='ltr'>Sed</span> <span class='ocrx_word' id='word_1_27' title='bbox 1429 313 1512 349; x_wconf 67' lang='lat' dir='ltr'>huie,</span> <span class='ocrx_word' id='word_1_28' title='bbox 1538 317 1573 344; x_wconf 92' lang='lat' dir='ltr'>ut</span> <span class='ocrx_word' id='word_1_29' title='bbox 1597 314 1641 344; x_wconf 86' lang='lat' dir='ltr'>ita</span> <span class='ocrx_word' id='word_1_30' title='bbox 1665 314 1811 347; x_wconf 79' lang='lat' dir='ltr'>dixerim.</span> 
     </span>
     <span class='ocr_line' id='line_1_4' title="bbox 158 365 1812 407; baseline -0.001 -10"><span class='ocrx_word' id='word_1_31' title='bbox 158 366 365 397; x_wconf 84' lang='lat' dir='ltr'>munerariae</span> <span class='ocrx_word' id='word_1_32' title='bbox 390 365 543 405; x_wconf 84' lang='lat' dir='ltr'>dignitati</span> <span class='ocrx_word' id='word_1_33' title='bbox 569 376 767 406; x_wconf 77' lang='lat' dir='ltr'>praeconem</span> <span class='ocrx_word' id='word_1_34' title='bbox 791 365 951 406; x_wconf 82' lang='lat' dir='ltr'>largitatis</span> <span class='ocrx_word' id='word_1_35' title='bbox 978 369 1119 400; x_wconf 77' lang='lat' dir='ltr'>nostrae,</span> <span class='ocrx_word' id='word_1_36' title='bbox 1146 365 1295 407; x_wconf 76' lang='lat' dir='ltr'>publicae</span> <span class='ocrx_word' id='word_1_37' title='bbox 1321 366 1485 396; x_wconf 73' lang='lat' dir='ltr'>felicitatis</span> <span class='ocrx_word' id='word_1_38' title='bbox 1511 365 1677 399; x_wconf 79' lang='lat' dir='ltr'>indicium,</span> <span class='ocrx_word' id='word_1_39' title='bbox 1706 366 1812 396; x_wconf 87' lang='lat' dir='ltr'>locum</span> 
     </span>
     <span class='ocr_line' id='line_1_5' title="bbox 157 416 1811 459; baseline -0.001 -11"><span class='ocrx_word' id='word_1_40' title='bbox 157 428 286 459; x_wconf 90' lang='lat' dir='ltr'>quoque</span> <span class='ocrx_word' id='word_1_41' title='bbox 318 416 556 458; x_wconf 78' lang='lat' dir='ltr'>primiceriatus</span> <span class='ocrx_word' id='word_1_42' title='bbox 591 416 811 457; x_wconf 69' lang='lat' dir='ltr'>adiungimus.</span> <span class='ocrx_word' id='word_1_43' title='bbox 848 420 882 447; x_wconf 90' lang='lat' dir='ltr'>ut</span> <span class='ocrx_word' id='word_1_44' title='bbox 914 427 971 458; x_wconf 85' lang='lat' dir='ltr'>per</span> <span class='ocrx_word' id='word_1_45' title='bbox 1002 421 1033 447; x_wconf 89' lang='lat' dir='ltr'>te</span> <span class='ocrx_word' id='word_1_46' title='bbox 1068 416 1180 447; x_wconf 85' lang='lat' dir='ltr'>demus</span> <span class='ocrx_word' id='word_1_47' title='bbox 1212 417 1369 450; x_wconf 79' lang='lat' dir='ltr'>honoros,</span> <span class='ocrx_word' id='word_1_48' title='bbox 1402 428 1459 458; x_wconf 90' lang='lat' dir='ltr'>per</span> <span class='ocrx_word' id='word_1_49' title='bbox 1490 428 1584 458; x_wconf 91' lang='lat' dir='ltr'>quem</span> <span class='ocrx_word' id='word_1_50' title='bbox 1617 421 1649 448; x_wconf 88' lang='lat' dir='ltr'>et</span> <span class='ocrx_word' id='word_1_51' title='bbox 1681 420 1811 448; x_wconf 82' lang='lat' dir='ltr'>nostrae</span> 
     </span>
    </p>
   </div>
   <div class='ocr_carea' id='block_1_3' title="bbox 1877 315 1892 343">
    <p class='ocr_par' dir='ltr' id='par_1_3' title="bbox 1877 315 1892 343">
     <span class='ocr_line' id='line_1_6' title="bbox 1877 315 1892 343; baseline 0 0"><span class='ocrx_word' id='word_1_52' title='bbox 1877 315 1892 343; x_wconf 72' lang='lat'>4</span> 
     </span>
    </p>
   </div>
   <div class='ocr_carea' id='block_1_4' title="bbox 158 468 1855 511">
    <p class='ocr_par' dir='ltr' id='par_1_4' title="bbox 158 468 1855 511">
     <span class='ocr_line' id='line_1_7' title="bbox 158 468 1855 511; baseline -0.001 -11"><span class='ocrx_word' id='word_1_53' title='bbox 158 469 316 511; x_wconf 83' lang='lat' dir='ltr'>pecuniae</span> <span class='ocrx_word' id='word_1_54' title='bbox 342 468 538 499; x_wconf 85' lang='lat' dir='ltr'>conferimus</span> <span class='ocrx_word' id='word_1_55' title='bbox 564 469 749 509; x_wconf 82' lang='lat' dir='ltr'>largitates:</span> <span class='ocrx_word' id='word_1_56' title='bbox 779 468 904 505; x_wconf 71' lang='lat' dir='ltr'>merito,</span> <span class='ocrx_word' id='word_1_57' title='bbox 928 468 1056 509; x_wconf 89' lang='lat' dir='ltr'>quando</span> <span class='ocrx_word' id='word_1_58' title='bbox 1082 472 1114 498; x_wconf 88' lang='lat' dir='ltr'>et</span> <span class='ocrx_word' id='word_1_59' title='bbox 1139 469 1235 499; x_wconf 83' lang='lat' dir='ltr'>simili</span> <span class='ocrx_word' id='word_1_60' title='bbox 1260 469 1364 509; x_wconf 80' lang='lat' dir='ltr'>gratia</span> <span class='ocrx_word' id='word_1_61' title='bbox 1388 473 1525 510; x_wconf 89' lang='lat' dir='ltr'>utraque</span> <span class='ocrx_word' id='word_1_62' title='bbox 1550 473 1757 510; x_wconf 84' lang='lat' dir='ltr'>praestantur</span> <span class='ocrx_word' id='word_1_63' title='bbox 1781 471 1813 499; x_wconf 90' lang='lat' dir='ltr'>et</span> <span class='ocrx_word' id='word_1_64' title='bbox 1845 476 1855 492; x_wconf 67' lang='lat'>5·</span> 
     </span>
    </p>
   </div>
   <div class='ocr_carea' id='block_1_5' title="bbox 157 519 1814 978">
    <p class='ocr_par' dir='ltr' id='par_1_5' title="bbox 157 519 1814 978">
     <span class='ocr_line' id='line_1_8' title="bbox 159 519 1813 561; baseline -0.001 -9"><span class='ocrx_word' id='word_1_65' title='bbox 159 521 199 552; x_wconf 90' lang='lat' dir='ltr'>ab</span> <span class='ocrx_word' id='word_1_66' title='bbox 224 531 287 551; x_wconf 91' lang='lat' dir='ltr'>uno</span> <span class='ocrx_word' id='word_1_67' title='bbox 313 520 498 551; x_wconf 88' lang='lat' dir='ltr'>debuerunt</span> <span class='ocrx_word' id='word_1_68' title='bbox 522 519 627 551; x_wconf 89' lang='lat' dir='ltr'>iudice</span> <span class='ocrx_word' id='word_1_69' title='bbox 653 521 734 561; x_wconf 77' lang='lat' dir='ltr'>geri⁷</span> <span class='ocrx_word' id='word_1_70' title='bbox 760 530 843 561; x_wconf 83' lang='lat' dir='ltr'>quae</span> <span class='ocrx_word' id='word_1_71' title='bbox 868 519 960 561; x_wconf 88' lang='lat' dir='ltr'>parili</span> <span class='ocrx_word' id='word_1_72' title='bbox 987 519 1135 550; x_wconf 87' lang='lat' dir='ltr'>videntur</span> <span class='ocrx_word' id='word_1_73' title='bbox 1159 520 1254 551; x_wconf 88' lang='lat' dir='ltr'>laude</span> <span class='ocrx_word' id='word_1_74' title='bbox 1281 521 1443 561; x_wconf 85' lang='lat' dir='ltr'>coniungi.</span> <span class='ocrx_word' id='word_1_75' title='bbox 1483 521 1601 551; x_wconf 88' lang='lat' dir='ltr'>Parum</span> <span class='ocrx_word' id='word_1_76' title='bbox 1625 524 1675 551; x_wconf 77' lang='lat' dir='ltr'>est</span> <span class='ocrx_word' id='word_1_77' title='bbox 1693 524 1813 557; x_wconf 67' lang='lat' dir='ltr'>autem,</span> 
     </span>
     <span class='ocr_line' id='line_1_9' title="bbox 159 571 1812 614; baseline -0.001 -11"><span class='ocrx_word' id='word_1_78' title='bbox 159 572 245 614; x_wconf 89' lang='lat' dir='ltr'>quod</span> <span class='ocrx_word' id='word_1_79' title='bbox 261 572 498 614; x_wconf 87' lang='lat' dir='ltr'>provinciarum</span> <span class='ocrx_word' id='word_1_80' title='bbox 521 571 646 602; x_wconf 87' lang='lat' dir='ltr'>iudices</span> <span class='ocrx_word' id='word_1_81' title='bbox 672 575 746 602; x_wconf 86' lang='lat' dir='ltr'>tuae</span> <span class='ocrx_word' id='word_1_82' title='bbox 772 571 941 602; x_wconf 84' lang='lat' dir='ltr'>subiacent</span> <span class='ocrx_word' id='word_1_83' title='bbox 965 571 1129 612; x_wconf 82' lang='lat' dir='ltr'>dignitati:</span> <span class='ocrx_word' id='word_1_84' title='bbox 1156 572 1234 613; x_wconf 82' lang='lat' dir='ltr'>ipsis</span> <span class='ocrx_word' id='word_1_85' title='bbox 1260 582 1387 613; x_wconf 87' lang='lat' dir='ltr'>quoque</span> <span class='ocrx_word' id='word_1_86' title='bbox 1414 573 1603 614; x_wconf 76' lang='lat' dir='ltr'>proceribus</span> <span class='ocrx_word' id='word_1_87' title='bbox 1628 572 1812 603; x_wconf 81' lang='lat' dir='ltr'>chartarum</span> 
     </span>
     <span class='ocr_line' id='line_1_10' title="bbox 158 623 1812 665; baseline -0.002 -9"><span class='ocrx_word' id='word_1_88' title='bbox 158 625 342 662; x_wconf 77' lang='lat' dir='ltr'>confirmas,</span> <span class='ocrx_word' id='word_1_89' title='bbox 376 623 452 654; x_wconf 90' lang='lat' dir='ltr'>dum</span> <span class='ocrx_word' id='word_1_90' title='bbox 477 623 656 665; x_wconf 86' lang='lat' dir='ltr'>perfectum</span> <span class='ocrx_word' id='word_1_91' title='bbox 682 634 743 653; x_wconf 90' lang='lat' dir='ltr'>non</span> <span class='ocrx_word' id='word_1_92' title='bbox 769 623 912 654; x_wconf 85' lang='lat' dir='ltr'>creditur</span> <span class='ocrx_word' id='word_1_93' title='bbox 941 624 1001 654; x_wconf 85' lang='lat' dir='ltr'>nisi</span> <span class='ocrx_word' id='word_1_94' title='bbox 1032 634 1050 653; x_wconf 84' lang='lat' dir='ltr'>a</span> <span class='ocrx_word' id='word_1_95' title='bbox 1079 626 1110 654; x_wconf 89' lang='lat' dir='ltr'>te</span> <span class='ocrx_word' id='word_1_96' title='bbox 1141 623 1238 654; x_wconf 89' lang='lat' dir='ltr'>fuerit</span> <span class='ocrx_word' id='word_1_97' title='bbox 1267 634 1323 665; x_wconf 90' lang='lat' dir='ltr'>pro</span> <span class='ocrx_word' id='word_1_98' title='bbox 1355 624 1573 655; x_wconf 77' lang='lat' dir='ltr'>sollemnitate</span> <span class='ocrx_word' id='word_1_99' title='bbox 1605 624 1812 665; x_wconf 86' lang='lat' dir='ltr'>completum.</span> 
     </span>
     <span class='ocr_line' id='line_1_11' title="bbox 157 674 1814 717; baseline -0.001 -9"><span class='ocrx_word' id='word_1_100' title='bbox 157 676 268 708; x_wconf 87' lang='lat' dir='ltr'>Vestis</span> <span class='ocrx_word' id='word_1_101' title='bbox 293 686 422 717; x_wconf 91' lang='lat' dir='ltr'>quoque</span> <span class='ocrx_word' id='word_1_102' title='bbox 448 686 540 706; x_wconf 87' lang='lat' dir='ltr'>sacra</span> <span class='ocrx_word' id='word_1_103' title='bbox 564 674 621 705; x_wconf 87' lang='lat' dir='ltr'>tibi</span> <span class='ocrx_word' id='word_1_104' title='bbox 646 675 822 716; x_wconf 83' lang='lat' dir='ltr'>antiquitus</span> <span class='ocrx_word' id='word_1_105' title='bbox 846 676 992 706; x_wconf 85' lang='lat' dir='ltr'>noscitur</span> <span class='ocrx_word' id='word_1_106' title='bbox 1016 675 1116 705; x_wconf 86' lang='lat' dir='ltr'>fuisse</span> <span class='ocrx_word' id='word_1_107' title='bbox 1142 675 1328 709; x_wconf 73' lang='lat' dir='ltr'>commissa,</span> <span class='ocrx_word' id='word_1_108' title='bbox 1361 686 1399 705; x_wconf 86' lang='lat' dir='ltr'>ne</span> <span class='ocrx_word' id='word_1_109' title='bbox 1426 676 1500 717; x_wconf 89' lang='lat' dir='ltr'>quid</span> <span class='ocrx_word' id='word_1_110' title='bbox 1526 676 1610 716; x_wconf 90' lang='lat' dir='ltr'>quod</span> <span class='ocrx_word' id='word_1_111' title='bbox 1635 675 1673 706; x_wconf 88' lang='lat' dir='ltr'>ad</span> <span class='ocrx_word' id='word_1_112' title='bbox 1706 676 1814 716; x_wconf 89' lang='lat' dir='ltr'>splen-</span> 
     </span>
     <span class='ocr_line' id='line_1_12' title="bbox 158 726 1811 770; baseline -0.002 -10"><span class='ocrx_word' id='word_1_113' title='bbox 158 729 270 760; x_wconf 86' lang='lat' dir='ltr'>dorem</span> <span class='ocrx_word' id='word_1_114' title='bbox 302 729 427 770; x_wconf 87' lang='lat' dir='ltr'>regium</span> <span class='ocrx_word' id='word_1_115' title='bbox 458 727 599 769; x_wconf 88' lang='lat' dir='ltr'>pertinet</span> <span class='ocrx_word' id='word_1_116' title='bbox 633 728 696 758; x_wconf 85' lang='lat' dir='ltr'>tuis</span> <span class='ocrx_word' id='word_1_117' title='bbox 729 728 834 758; x_wconf 86' lang='lat' dir='ltr'>minus</span> <span class='ocrx_word' id='word_1_118' title='bbox 868 727 1124 758; x_wconf 75' lang='lat' dir='ltr'>ordinationibus</span> <span class='ocrx_word' id='word_1_119' title='bbox 1159 727 1338 758; x_wconf 82' lang='lat' dir='ltr'>oboediret.</span> <span class='ocrx_word' id='word_1_120' title='bbox 1391 726 1493 758; x_wconf 52' lang='lat' dir='ltr'>(iuras</span> <span class='ocrx_word' id='word_1_121' title='bbox 1525 738 1653 768; x_wconf 88' lang='lat' dir='ltr'>quoque</span> <span class='ocrx_word' id='word_1_122' title='bbox 1684 728 1811 757; x_wconf 84' lang='lat' dir='ltr'>litorum</span> 
     </span>
     <span class='ocr_line' id='line_1_13' title="bbox 158 779 1813 820; baseline -0.002 -8"><span class='ocrx_word' id='word_1_123' title='bbox 158 780 342 812; x_wconf 87' lang='lat' dir='ltr'>adventicia</span> <span class='ocrx_word' id='word_1_124' title='bbox 367 780 446 810; x_wconf 89' lang='lat' dir='ltr'>lucri</span> <span class='ocrx_word' id='word_1_125' title='bbox 471 779 654 820; x_wconf 84' lang='lat' dir='ltr'>provisione</span> <span class='ocrx_word' id='word_1_126' title='bbox 680 780 864 810; x_wconf 76' lang='lat' dir='ltr'>committis.</span> <span class='ocrx_word' id='word_1_127' title='bbox 904 780 1135 820; x_wconf 55' lang='lat' dir='ltr'>negotiatores5</span> <span class='ocrx_word' id='word_1_128' title='bbox 1161 789 1240 820; x_wconf 88' lang='lat' dir='ltr'>quos</span> <span class='ocrx_word' id='word_1_129' title='bbox 1266 779 1427 809; x_wconf 88' lang='lat' dir='ltr'>humanae</span> <span class='ocrx_word' id='word_1_130' title='bbox 1446 779 1530 810; x_wconf 82' lang='lat' dir='ltr'>vitae</span> <span class='ocrx_word' id='word_1_131' title='bbox 1556 783 1681 810; x_wconf 87' lang='lat' dir='ltr'>constat</span> <span class='ocrx_word' id='word_1_132' title='bbox 1699 789 1813 809; x_wconf 85' lang='lat' dir='ltr'>neces-</span> 
     </span>
     <span class='ocr_line' id='line_1_14' title="bbox 159 830 1812 872; baseline -0.002 -9"><span class='ocrx_word' id='word_1_133' title='bbox 159 833 271 869; x_wconf 68' lang='lat' dir='ltr'>sarios,</span> <span class='ocrx_word' id='word_1_134' title='bbox 302 832 375 862; x_wconf 89' lang='lat' dir='ltr'>huic</span> <span class='ocrx_word' id='word_1_135' title='bbox 400 832 554 872; x_wconf 82' lang='lat' dir='ltr'>potestati</span> <span class='ocrx_word' id='word_1_136' title='bbox 580 831 786 862; x_wconf 86' lang='lat' dir='ltr'>manifestum</span> <span class='ocrx_word' id='word_1_137' title='bbox 814 835 863 862; x_wconf 89' lang='lat' dir='ltr'>est</span> <span class='ocrx_word' id='word_1_138' title='bbox 889 842 960 862; x_wconf 84' lang='lat' dir='ltr'>esse</span> <span class='ocrx_word' id='word_1_139' title='bbox 986 831 1160 862; x_wconf 84' lang='lat' dir='ltr'>subiectos.</span> <span class='ocrx_word' id='word_1_140' title='bbox 1209 842 1282 861; x_wconf 92' lang='lat' dir='ltr'>nam</span> <span class='ocrx_word' id='word_1_141' title='bbox 1306 831 1456 872; x_wconf 90' lang='lat' dir='ltr'>quicquid</span> <span class='ocrx_word' id='word_1_142' title='bbox 1481 831 1512 861; x_wconf 94' lang='lat' dir='ltr'>in</span> <span class='ocrx_word' id='word_1_143' title='bbox 1537 831 1694 867; x_wconf 74' lang='lat' dir='ltr'>vestibus.</span> <span class='ocrx_word' id='word_1_144' title='bbox 1725 830 1812 871; x_wconf 79' lang='lat' dir='ltr'>quic-</span> 
     </span>
     <span class='ocr_line' id='line_1_15' title="bbox 157 882 1813 927; baseline -0.001 -13"><span class='ocrx_word' id='word_1_145' title='bbox 157 884 233 927; x_wconf 87' lang='lat' dir='ltr'>quid</span> <span class='ocrx_word' id='word_1_146' title='bbox 256 885 288 915; x_wconf 92' lang='lat' dir='ltr'>in</span> <span class='ocrx_word' id='word_1_147' title='bbox 313 894 399 919; x_wconf 70' lang='lat' dir='ltr'>aere,</span> <span class='ocrx_word' id='word_1_148' title='bbox 429 883 579 924; x_wconf 90' lang='lat' dir='ltr'>quicquid</span> <span class='ocrx_word' id='word_1_149' title='bbox 604 883 635 913; x_wconf 91' lang='lat' dir='ltr'>in</span> <span class='ocrx_word' id='word_1_150' title='bbox 659 887 805 924; x_wconf 81' lang='lat' dir='ltr'>argento,</span> <span class='ocrx_word' id='word_1_151' title='bbox 836 883 988 924; x_wconf 86' lang='lat' dir='ltr'>quicquid</span> <span class='ocrx_word' id='word_1_152' title='bbox 1012 883 1044 914; x_wconf 90' lang='lat' dir='ltr'>in</span> <span class='ocrx_word' id='word_1_153' title='bbox 1069 884 1206 924; x_wconf 82' lang='lat' dir='ltr'>gemmis</span> <span class='ocrx_word' id='word_1_154' title='bbox 1232 883 1365 914; x_wconf 88' lang='lat' dir='ltr'>ambitio</span> <span class='ocrx_word' id='word_1_155' title='bbox 1392 883 1533 914; x_wconf 84' lang='lat' dir='ltr'>humana</span> <span class='ocrx_word' id='word_1_156' title='bbox 1558 886 1667 924; x_wconf 87' lang='lat' dir='ltr'>potest</span> <span class='ocrx_word' id='word_1_157' title='bbox 1691 882 1813 912; x_wconf 87' lang='lat' dir='ltr'>habere</span> 
     </span>
     <span class='ocr_line' id='line_1_16' title="bbox 158 933 1814 978; baseline -0.002 -11"><span class='ocrx_word' id='word_1_158' title='bbox 158 937 353 978; x_wconf 80' lang='lat' dir='ltr'>pretiosum,</span> <span class='ocrx_word' id='word_1_159' title='bbox 391 936 456 966; x_wconf 89' lang='lat' dir='ltr'>tuis</span> <span class='ocrx_word' id='word_1_160' title='bbox 493 935 751 966; x_wconf 78' lang='lat' dir='ltr'>ordinationibus</span> <span class='ocrx_word' id='word_1_161' title='bbox 790 935 1014 966; x_wconf 81' lang='lat' dir='ltr'>obsecundant</span> <span class='ocrx_word' id='word_1_162' title='bbox 1049 939 1081 965; x_wconf 89' lang='lat' dir='ltr'>et</span> <span class='ocrx_word' id='word_1_163' title='bbox 1114 935 1152 966; x_wconf 89' lang='lat' dir='ltr'>ad</span> <span class='ocrx_word' id='word_1_164' title='bbox 1184 935 1335 965; x_wconf 88' lang='lat' dir='ltr'>iudicium</span> <span class='ocrx_word' id='word_1_165' title='bbox 1370 938 1460 965; x_wconf 90' lang='lat' dir='ltr'>tuum</span> <span class='ocrx_word' id='word_1_166' title='bbox 1493 935 1658 965; x_wconf 83' lang='lat' dir='ltr'>confluunt</span> <span class='ocrx_word' id='word_1_167' title='bbox 1689 934 1742 975; x_wconf 87' lang='lat' dir='ltr'>qui</span> <span class='ocrx_word' id='word_1_168' title='bbox 1775 933 1814 964; x_wconf 84' lang='lat' dir='ltr'>dc</span> 
     </span>
    </p>
   </div>
   <div class='ocr_carea' id='block_1_6' title="bbox 159 986 1856 1028">
    <p class='ocr_par' dir='ltr' id='par_1_6' title="bbox 159 986 1856 1028">
     <span class='ocr_line' id='line_1_17' title="bbox 159 986 1856 1028; baseline -0.002 -9"><span class='ocrx_word' id='word_1_169' title='bbox 159 988 314 1019; x_wconf 82' lang='lat' dir='ltr'>extremis</span> <span class='ocrx_word' id='word_1_170' title='bbox 344 987 454 1018; x_wconf 91' lang='lat' dir='ltr'>mundi</span> <span class='ocrx_word' id='word_1_171' title='bbox 485 986 628 1028; x_wconf 85' lang='lat' dir='ltr'>partibus</span> <span class='ocrx_word' id='word_1_172' title='bbox 659 986 872 1018; x_wconf 87' lang='lat' dir='ltr'>advenerunt.</span> <span class='ocrx_word' id='word_1_173' title='bbox 922 986 1005 1017; x_wconf 83' lang='lat' dir='ltr'>Salis</span> <span class='ocrx_word' id='word_1_174' title='bbox 1035 997 1160 1028; x_wconf 88' lang='lat' dir='ltr'>quoque</span> <span class='ocrx_word' id='word_1_175' title='bbox 1192 988 1418 1017; x_wconf 81' lang='lat' dir='ltr'>commercium</span> <span class='ocrx_word' id='word_1_176' title='bbox 1449 988 1532 1017; x_wconf 89' lang='lat' dir='ltr'>inter</span> <span class='ocrx_word' id='word_1_177' title='bbox 1561 990 1666 1017; x_wconf 80' lang='lat' dir='ltr'>vestes</span> <span class='ocrx_word' id='word_1_178' title='bbox 1692 986 1813 1017; x_wconf 82' lang='lat' dir='ltr'>sericas</span> <span class='ocrx_word' id='word_1_179' title='bbox 1847 992 1856 1008; x_wconf 53' lang='grc' dir='ltr'><strong><em>ἢ</em></strong></span> 
     </span>
    </p>
   </div>
   <div class='ocr_carea' id='block_1_7' title="bbox 157 1038 1817 1436">
    <p class='ocr_par' dir='ltr' id='par_1_7' title="bbox 157 1038 1817 1436">
     <span class='ocr_line' id='line_1_18' title="bbox 159 1038 1814 1082; baseline -0.002 -11"><span class='ocrx_word' id='word_1_180' title='bbox 159 1043 192 1071; x_wconf 89' lang='lat' dir='ltr'>et</span> <span class='ocrx_word' id='word_1_181' title='bbox 209 1040 478 1082; x_wconf 84' lang='lat' dir='ltr'>pretiosissimam</span> <span class='ocrx_word' id='word_1_182' title='bbox 502 1039 712 1079; x_wconf 82' lang='lat' dir='ltr'>margaritam</span> <span class='ocrx_word' id='word_1_183' title='bbox 738 1050 799 1069; x_wconf 91' lang='lat' dir='ltr'>non</span> <span class='ocrx_word' id='word_1_184' title='bbox 825 1039 935 1080; x_wconf 89' lang='lat' dir='ltr'>inepte</span> <span class='ocrx_word' id='word_1_185' title='bbox 961 1039 1017 1069; x_wconf 89' lang='lat' dir='ltr'>tibi</span> <span class='ocrx_word' id='word_1_186' title='bbox 1044 1038 1211 1080; x_wconf 87' lang='lat' dir='ltr'>deputavit</span> <span class='ocrx_word' id='word_1_187' title='bbox 1236 1039 1423 1079; x_wconf 82' lang='lat' dir='ltr'>antiquitas.</span> <span class='ocrx_word' id='word_1_188' title='bbox 1449 1043 1483 1069; x_wconf 90' lang='lat' dir='ltr'>ut</span> <span class='ocrx_word' id='word_1_189' title='bbox 1508 1038 1701 1080; x_wconf 84' lang='lat' dir='ltr'>sapientiam</span> <span class='ocrx_word' id='word_1_190' title='bbox 1726 1041 1814 1068; x_wconf 88' lang='lat' dir='ltr'>tuam</span> 
     </span>
     <span class='ocr_line' id='line_1_19' title="bbox 159 1089 1814 1132; baseline -0.002 -9"><span class='ocrx_word' id='word_1_191' title='bbox 159 1092 329 1124; x_wconf 88' lang='lat' dir='ltr'>evidenter</span> <span class='ocrx_word' id='word_1_192' title='bbox 359 1090 561 1127; x_wconf 75' lang='lat' dir='ltr'>ostenderet,</span> <span class='ocrx_word' id='word_1_193' title='bbox 595 1091 646 1121; x_wconf 92' lang='lat' dir='ltr'>cui</span> <span class='ocrx_word' id='word_1_194' title='bbox 677 1091 751 1121; x_wconf 78' lang='lat' dir='ltr'>talis</span> <span class='ocrx_word' id='word_1_195' title='bbox 784 1091 909 1131; x_wconf 87' lang='lat' dir='ltr'>species</span> <span class='ocrx_word' id='word_1_196' title='bbox 940 1090 1097 1131; x_wconf 83' lang='lat' dir='ltr'>deputata</span> <span class='ocrx_word' id='word_1_197' title='bbox 1127 1091 1271 1121; x_wconf 81' lang='lat' dir='ltr'>serviret.</span> <span class='ocrx_word' id='word_1_198' title='bbox 1318 1090 1527 1132; x_wconf 83' lang='lat' dir='ltr'>Quapropter</span> <span class='ocrx_word' id='word_1_199' title='bbox 1558 1100 1615 1131; x_wconf 88' lang='lat' dir='ltr'>per</span> <span class='ocrx_word' id='word_1_200' title='bbox 1647 1089 1735 1120; x_wconf 88' lang='lat' dir='ltr'>illam</span> <span class='ocrx_word' id='word_1_201' title='bbox 1766 1089 1814 1119; x_wconf 87' lang='lat' dir='ltr'>in-</span> 
     </span>
     <span class='ocr_line' id='line_1_20' title="bbox 159 1140 1816 1183; baseline -0.002 -8"><span class='ocrx_word' id='word_1_202' title='bbox 159 1144 335 1175; x_wconf 84' lang='lat' dir='ltr'>dictionem</span> <span class='ocrx_word' id='word_1_203' title='bbox 367 1144 539 1175; x_wconf 86' lang='lat' dir='ltr'>comitivae</span> <span class='ocrx_word' id='word_1_204' title='bbox 571 1153 735 1173; x_wconf 87' lang='lat' dir='ltr'>saerarum</span> <span class='ocrx_word' id='word_1_205' title='bbox 768 1146 799 1173; x_wconf 90' lang='lat' dir='ltr'>et</span> <span class='ocrx_word' id='word_1_206' title='bbox 831 1142 1069 1183; x_wconf 79' lang='lat' dir='ltr'>primiceriatus</span> <span class='ocrx_word' id='word_1_207' title='bbox 1101 1143 1159 1173; x_wconf 92' lang='lat' dir='ltr'>tibi</span> <span class='ocrx_word' id='word_1_208' title='bbox 1190 1143 1385 1173; x_wconf 84' lang='lat' dir='ltr'>conferimus</span> <span class='ocrx_word' id='word_1_209' title='bbox 1418 1142 1610 1183; x_wconf 74' lang='lat' dir='ltr'>dignitates,</span> <span class='ocrx_word' id='word_1_210' title='bbox 1641 1144 1676 1172; x_wconf 92' lang='lat' dir='ltr'>ut</span> <span class='ocrx_word' id='word_1_211' title='bbox 1707 1140 1816 1171; x_wconf 89' lang='lat' dir='ltr'>multis</span> 
     </span>
     <span class='ocr_line' id='line_1_21' title="bbox 157 1192 1814 1236; baseline -0.002 -9"><span class='ocrx_word' id='word_1_212' title='bbox 157 1196 307 1227; x_wconf 88' lang='lat' dir='ltr'>laudibus</span> <span class='ocrx_word' id='word_1_213' title='bbox 339 1195 483 1226; x_wconf 85' lang='lat' dir='ltr'>decorari</span> <span class='ocrx_word' id='word_1_214' title='bbox 516 1195 637 1236; x_wconf 69' lang='lat' dir='ltr'>possis.</span> <span class='ocrx_word' id='word_1_215' title='bbox 670 1195 724 1235; x_wconf 88' lang='lat' dir='ltr'>qui</span> <span class='ocrx_word' id='word_1_216' title='bbox 759 1194 917 1225; x_wconf 89' lang='lat' dir='ltr'>honorum</span> <span class='ocrx_word' id='word_1_217' title='bbox 949 1194 1185 1225; x_wconf 85' lang='lat' dir='ltr'>numerositate</span> <span class='ocrx_word' id='word_1_218' title='bbox 1218 1195 1450 1236; x_wconf 86' lang='lat' dir='ltr'>praecingeris.</span> <span class='ocrx_word' id='word_1_219' title='bbox 1497 1197 1587 1224; x_wconf 88' lang='lat' dir='ltr'>utere</span> <span class='ocrx_word' id='word_1_220' title='bbox 1619 1193 1716 1234; x_wconf 85' lang='lat' dir='ltr'>igitur</span> <span class='ocrx_word' id='word_1_221' title='bbox 1750 1192 1814 1223; x_wconf 87' lang='lat' dir='ltr'>sol-</span> 
     </span>
     <span class='ocr_line' id='line_1_22' title="bbox 158 1245 1814 1288; baseline -0.003 -9"><span class='ocrx_word' id='word_1_222' title='bbox 158 1248 309 1280; x_wconf 89' lang='lat' dir='ltr'>lemniter</span> <span class='ocrx_word' id='word_1_223' title='bbox 333 1247 434 1278; x_wconf 90' lang='lat' dir='ltr'>titulis</span> <span class='ocrx_word' id='word_1_224' title='bbox 459 1247 522 1278; x_wconf 85' lang='lat' dir='ltr'>tuis</span> <span class='ocrx_word' id='word_1_225' title='bbox 548 1250 580 1277; x_wconf 88' lang='lat' dir='ltr'>et</span> <span class='ocrx_word' id='word_1_226' title='bbox 603 1247 629 1277; x_wconf 91' lang='lat' dir='ltr'>si</span> <span class='ocrx_word' id='word_1_227' title='bbox 654 1246 729 1288; x_wconf 89' lang='lat' dir='ltr'>quid</span> <span class='ocrx_word' id='word_1_228' title='bbox 754 1247 813 1277; x_wconf 86' lang='lat' dir='ltr'>tibi</span> <span class='ocrx_word' id='word_1_229' title='bbox 841 1246 881 1277; x_wconf 92' lang='lat' dir='ltr'>de</span> <span class='ocrx_word' id='word_1_230' title='bbox 913 1247 1044 1288; x_wconf 86' lang='lat' dir='ltr'>antiquo</span> <span class='ocrx_word' id='word_1_231' title='bbox 1074 1246 1244 1288; x_wconf 85' lang='lat' dir='ltr'>privilegio</span> <span class='ocrx_word' id='word_1_232' title='bbox 1275 1257 1352 1277; x_wconf 86' lang='lat' dir='ltr'>usus</span> <span class='ocrx_word' id='word_1_233' title='bbox 1382 1246 1529 1279; x_wconf 83' lang='lat' dir='ltr'>abstulit.</span> <span class='ocrx_word' id='word_1_234' title='bbox 1561 1245 1699 1286; x_wconf 85' lang='lat' dir='ltr'>plurima</span> <span class='ocrx_word' id='word_1_235' title='bbox 1728 1247 1814 1274; x_wconf 85' lang='lat' dir='ltr'>certe</span> 
     </span>
     <span class='ocr_line' id='line_1_23' title="bbox 159 1295 1817 1342; baseline -0.003 -11"><span class='ocrx_word' id='word_1_236' title='bbox 159 1311 241 1342; x_wconf 89' lang='lat' dir='ltr'>quae</span> <span class='ocrx_word' id='word_1_237' title='bbox 259 1299 424 1331; x_wconf 85' lang='lat' dir='ltr'>vindicare</span> <span class='ocrx_word' id='word_1_238' title='bbox 443 1298 562 1330; x_wconf 86' lang='lat' dir='ltr'>debeas</span> <span class='ocrx_word' id='word_1_239' title='bbox 587 1298 769 1340; x_wconf 68' lang='lat' dir='ltr'>dereliquit,</span> <span class='ocrx_word' id='word_1_240' title='bbox 795 1298 922 1339; x_wconf 85' lang='lat' dir='ltr'>quando</span> <span class='ocrx_word' id='word_1_241' title='bbox 947 1298 1082 1329; x_wconf 85' lang='lat' dir='ltr'>duarum</span> <span class='ocrx_word' id='word_1_242' title='bbox 1108 1298 1304 1339; x_wconf 81' lang='lat' dir='ltr'>dignitatum</span> <span class='ocrx_word' id='word_1_243' title='bbox 1329 1298 1471 1339; x_wconf 84' lang='lat' dir='ltr'>gloriosa</span> <span class='ocrx_word' id='word_1_244' title='bbox 1496 1296 1625 1338; x_wconf 92' lang='lat' dir='ltr'>quidem</span> <span class='ocrx_word' id='word_1_245' title='bbox 1651 1306 1736 1331; x_wconf 67' lang='lat' dir='ltr'>cura,</span> <span class='ocrx_word' id='word_1_246' title='bbox 1761 1295 1817 1325; x_wconf 85' lang='lat' dir='ltr'>sed</span> 
     </span>
     <span class='ocr_line' id='line_1_24' title="bbox 160 1347 1815 1392; baseline -0.004 -8"><span class='ocrx_word' id='word_1_247' title='bbox 160 1356 192 1385; x_wconf 88' lang='lat' dir='ltr'>et</span> <span class='ocrx_word' id='word_1_248' title='bbox 228 1353 390 1384; x_wconf 83' lang='lat' dir='ltr'>laboriosa</span> <span class='ocrx_word' id='word_1_249' title='bbox 427 1351 574 1382; x_wconf 85' lang='lat' dir='ltr'>custodia</span> <span class='ocrx_word' id='word_1_250' title='bbox 606 1354 669 1385; x_wconf 76' lang='lat' dir='ltr'>est.</span> <span class='ocrx_word' id='word_1_251' title='bbox 708 1361 790 1392; x_wconf 89' lang='lat' dir='ltr'>quae</span> <span class='ocrx_word' id='word_1_252' title='bbox 821 1351 879 1381; x_wconf 90' lang='lat' dir='ltr'>tibi</span> <span class='ocrx_word' id='word_1_253' title='bbox 913 1351 1079 1391; x_wconf 88' lang='lat' dir='ltr'>copiosum</span> <span class='ocrx_word' id='word_1_254' title='bbox 1115 1350 1253 1381; x_wconf 88' lang='lat' dir='ltr'>fructum</span> <span class='ocrx_word' id='word_1_255' title='bbox 1292 1349 1417 1381; x_wconf 88' lang='lat' dir='ltr'>decoris</span> <span class='ocrx_word' id='word_1_256' title='bbox 1450 1349 1604 1380; x_wconf 85' lang='lat' dir='ltr'>afferunt.</span> <span class='ocrx_word' id='word_1_257' title='bbox 1643 1348 1669 1378; x_wconf 88' lang='lat' dir='ltr'>si</span> <span class='ocrx_word' id='word_1_258' title='bbox 1704 1347 1815 1389; x_wconf 81' lang='lat' dir='ltr'>probis</span> 
     </span>
     <span class='ocr_line' id='line_1_25' title="bbox 160 1403 530 1436; baseline -0.005 0"><span class='ocrx_word' id='word_1_259' title='bbox 160 1404 304 1436; x_wconf 89' lang='lat' dir='ltr'>moribus</span> <span class='ocrx_word' id='word_1_260' title='bbox 329 1403 530 1434; x_wconf 83' lang='lat' dir='ltr'>excoluntur.</span> 
     </span>
    </p>
   </div>
   <div class='ocr_carea' id='block_1_8' title="bbox 576 1497 1409 1597">
    <p class='ocr_par' dir='ltr' id='par_1_8' title="bbox 576 1497 1409 1597">
     <span class='ocr_line' id='line_1_26' title="bbox 942 1497 1034 1528; baseline -0.011 0"><span class='ocrx_word' id='word_1_261' title='bbox 942 1497 1034 1528; x_wconf 84' lang='lat' dir='ltr'>VIII.</span> 
     </span>
     <span class='ocr_line' id='line_1_27' title="bbox 576 1565 1409 1597; baseline 0 0"><span class='ocrx_word' id='word_1_262' title='bbox 576 1566 792 1597; x_wconf 79' lang='lat' dir='ltr'><strong>FORMULA</strong></span> <span class='ocrx_word' id='word_1_263' title='bbox 821 1566 1071 1597; x_wconf 66' lang='lat' dir='ltr'>COMI&#39;I‘IYAE</span> <span class='ocrx_word' id='word_1_264' title='bbox 1097 1565 1409 1597; x_wconf 79' lang='lat' dir='ltr'>PRIVATARUM.</span> 
     </span>
    </p>
   </div>
   <div class='ocr_carea' id='block_1_9' title="bbox 265 1633 1860 1679">
    <p class='ocr_par' dir='ltr' id='par_1_9' title="bbox 265 1633 1860 1679">
     <span class='ocr_line' id='line_1_28' title="bbox 265 1633 1860 1679; baseline -0.004 -11"><span class='ocrx_word' id='word_1_265' title='bbox 265 1637 426 1668; x_wconf 73' lang='lat' dir='ltr'>Comitiva.</span> <span class='ocrx_word' id='word_1_266' title='bbox 461 1637 677 1679; x_wconf 78' lang='lat' dir='ltr'>privatarum,</span> <span class='ocrx_word' id='word_1_267' title='bbox 718 1637 799 1667; x_wconf 79' lang='lat' dir='ltr'>sicut</span> <span class='ocrx_word' id='word_1_268' title='bbox 834 1636 973 1666; x_wconf 90' lang='lat' dir='ltr'>nominis</span> <span class='ocrx_word' id='word_1_269' title='bbox 1010 1636 1110 1677; x_wconf 88' lang='lat' dir='ltr'>ipsius</span> <span class='ocrx_word' id='word_1_270' title='bbox 1149 1636 1288 1666; x_wconf 85' lang='lat' dir='ltr'>sentitur</span> <span class='ocrx_word' id='word_1_271' title='bbox 1324 1636 1475 1666; x_wconf 86' lang='lat' dir='ltr'>insonare</span> <span class='ocrx_word' id='word_1_272' title='bbox 1514 1633 1720 1666; x_wconf 83' lang='lat' dir='ltr'>vocabulum.</span> <span class='ocrx_word' id='word_1_273' title='bbox 1760 1643 1817 1673; x_wconf 88' lang='lat' dir='ltr'>per</span> <span class='ocrx_word' id='word_1_274' title='bbox 1836 1639 1860 1656; x_wconf 71' lang='lat'>2⁵</span> 
     </span>
    </p>
   </div>
   <div class='ocr_carea' id='block_1_10' title="bbox 160 1685 1818 2146">
    <p class='ocr_par' dir='ltr' id='par_1_10' title="bbox 160 1685 1818 2146">
     <span class='ocr_line' id='line_1_29' title="bbox 160 1685 1818 1732; baseline -0.005 -11"><span class='ocrx_word' id='word_1_275' title='bbox 160 1691 364 1721; x_wconf 81' lang='lat' dir='ltr'>rationalium</span> <span class='ocrx_word' id='word_1_276' title='bbox 396 1700 505 1720; x_wconf 82' lang='lat' dir='ltr'>curam</span> <span class='ocrx_word' id='word_1_277' title='bbox 537 1688 699 1730; x_wconf 85' lang='lat' dir='ltr'>quondam</span> <span class='ocrx_word' id='word_1_278' title='bbox 733 1688 911 1732; x_wconf 83' lang='lat' dir='ltr'>principum</span> <span class='ocrx_word' id='word_1_279' title='bbox 944 1688 1103 1729; x_wconf 84' lang='lat' dir='ltr'>privatam</span> <span class='ocrx_word' id='word_1_280' title='bbox 1138 1688 1239 1718; x_wconf 85' lang='lat' dir='ltr'>fertur</span> <span class='ocrx_word' id='word_1_281' title='bbox 1270 1687 1471 1728; x_wconf 83' lang='lat' dir='ltr'>gubernasse</span> <span class='ocrx_word' id='word_1_282' title='bbox 1506 1685 1731 1716; x_wconf 84' lang='lat' dir='ltr'>substantiam.</span> <span class='ocrx_word' id='word_1_283' title='bbox 1786 1687 1818 1714; x_wconf 90' lang='lat' dir='ltr'>et</span> 
     </span>
     <span class='ocr_line' id='line_1_30' title="bbox 161 1737 1816 1784; baseline -0.004 -12"><span class='ocrx_word' id='word_1_284' title='bbox 161 1743 235 1784; x_wconf 88' lang='lat' dir='ltr'>quia</span> <span class='ocrx_word' id='word_1_285' title='bbox 264 1742 379 1772; x_wconf 84' lang='lat' dir='ltr'>iudicis</span> <span class='ocrx_word' id='word_1_286' title='bbox 410 1741 575 1782; x_wconf 81' lang='lat' dir='ltr'>fastigium</span> <span class='ocrx_word' id='word_1_287' title='bbox 608 1751 762 1772; x_wconf 79' lang='lat' dir='ltr'>exercere</span> <span class='ocrx_word' id='word_1_288' title='bbox 793 1751 856 1771; x_wconf 91' lang='lat' dir='ltr'>non</span> <span class='ocrx_word' id='word_1_289' title='bbox 885 1744 1013 1782; x_wconf 83' lang='lat' dir='ltr'>poterat</span> <span class='ocrx_word' id='word_1_290' title='bbox 1041 1741 1123 1770; x_wconf 87' lang='lat' dir='ltr'>inter</span> <span class='ocrx_word' id='word_1_291' title='bbox 1149 1740 1294 1771; x_wconf 87' lang='lat' dir='ltr'>homines</span> <span class='ocrx_word' id='word_1_292' title='bbox 1320 1739 1474 1770; x_wconf 82' lang='lat' dir='ltr'>extremis</span> <span class='ocrx_word' id='word_1_293' title='bbox 1500 1737 1743 1768; x_wconf 86' lang='lat' dir='ltr'>condicionibus</span> <span class='ocrx_word' id='word_1_294' title='bbox 1769 1737 1816 1766; x_wconf 90' lang='lat' dir='ltr'>in-</span> 
     </span>
     <span class='ocr_line' id='line_1_31' title="bbox 162 1789 1817 1834; baseline -0.004 -10"><span class='ocrx_word' id='word_1_295' title='bbox 162 1794 311 1830; x_wconf 67' lang='lat' dir='ltr'>clinatos,</span> <span class='ocrx_word' id='word_1_296' title='bbox 337 1793 417 1824; x_wconf 84' lang='lat' dir='ltr'>alios</span> <span class='ocrx_word' id='word_1_297' title='bbox 443 1803 570 1834; x_wconf 86' lang='lat' dir='ltr'>quoque</span> <span class='ocrx_word' id='word_1_298' title='bbox 596 1793 705 1823; x_wconf 85' lang='lat' dir='ltr'>titulos</span> <span class='ocrx_word' id='word_1_299' title='bbox 730 1792 863 1833; x_wconf 81' lang='lat' dir='ltr'>provida</span> <span class='ocrx_word' id='word_1_300' title='bbox 886 1792 1119 1822; x_wconf 76' lang='lat' dir='ltr'>deliberatione</span> <span class='ocrx_word' id='word_1_301' title='bbox 1139 1792 1291 1833; x_wconf 76' lang='lat' dir='ltr'>suscepit,</span> <span class='ocrx_word' id='word_1_302' title='bbox 1317 1802 1357 1821; x_wconf 81' lang='lat' dir='ltr'>ne</span> <span class='ocrx_word' id='word_1_303' title='bbox 1375 1790 1516 1831; x_wconf 82' lang='lat' dir='ltr'>dignitas</span> <span class='ocrx_word' id='word_1_304' title='bbox 1534 1789 1668 1820; x_wconf 87' lang='lat' dir='ltr'>Latialis</span> <span class='ocrx_word' id='word_1_305' title='bbox 1687 1798 1817 1818; x_wconf 89' lang='lat' dir='ltr'>eausam</span> 
     </span>
     <span class='ocr_line' id='line_1_32' title="bbox 161 1840 1817 1876; baseline -0.005 0"><span class='ocrx_word' id='word_1_306' title='bbox 161 1848 287 1876; x_wconf 80' lang='lat' dir='ltr'>tantum</span> <span class='ocrx_word' id='word_1_307' title='bbox 313 1844 407 1875; x_wconf 88' lang='lat' dir='ltr'>modo</span> <span class='ocrx_word' id='word_1_308' title='bbox 431 1844 596 1875; x_wconf 77' lang='lat' dir='ltr'>videretur</span> <span class='ocrx_word' id='word_1_309' title='bbox 621 1844 740 1875; x_wconf 78' lang='lat' dir='ltr'>habere</span> <span class='ocrx_word' id='word_1_310' title='bbox 767 1855 837 1874; x_wconf 76' lang='lat' dir='ltr'>cum</span> <span class='ocrx_word' id='word_1_311' title='bbox 863 1844 1002 1874; x_wconf 74' lang='lat' dir='ltr'>famulis.</span> <span class='ocrx_word' id='word_1_312' title='bbox 1028 1843 1085 1874; x_wconf 85' lang='lat' dir='ltr'>sed</span> <span class='ocrx_word' id='word_1_313' title='bbox 1111 1843 1239 1874; x_wconf 84' lang='lat' dir='ltr'>actibus</span> <span class='ocrx_word' id='word_1_314' title='bbox 1265 1843 1397 1873; x_wconf 90' lang='lat' dir='ltr'>urbanis</span> <span class='ocrx_word' id='word_1_315' title='bbox 1423 1846 1498 1872; x_wconf 87' lang='lat' dir='ltr'>tunc</span> <span class='ocrx_word' id='word_1_316' title='bbox 1524 1851 1558 1871; x_wconf 91' lang='lat' dir='ltr'>se</span> <span class='ocrx_word' id='word_1_317' title='bbox 1577 1840 1703 1871; x_wconf 82' lang='lat' dir='ltr'>felicius</span> <span class='ocrx_word' id='word_1_318' title='bbox 1721 1850 1817 1869; x_wconf 80' lang='lat' dir='ltr'>oceu-</span> 
     </span>
     <span class='ocr_line' id='line_1_33' title="bbox 162 1891 1818 1939; baseline -0.005 -11"><span class='ocrx_word' id='word_1_319' title='bbox 162 1897 263 1939; x_wconf 68' lang='lat' dir='ltr'>pavit,</span> <span class='ocrx_word' id='word_1_320' title='bbox 296 1900 469 1938; x_wconf 86' lang='lat' dir='ltr'>postquam</span> <span class='ocrx_word' id='word_1_321' title='bbox 502 1896 679 1937; x_wconf 77' lang='lat' dir='ltr'>agrestium</span> <span class='ocrx_word' id='word_1_322' title='bbox 712 1906 827 1926; x_wconf 81' lang='lat' dir='ltr'>causas</span> <span class='ocrx_word' id='word_1_323' title='bbox 858 1895 1014 1926; x_wconf 81' lang='lat' dir='ltr'>decenter</span> <span class='ocrx_word' id='word_1_324' title='bbox 1044 1895 1161 1925; x_wconf 88' lang='lat' dir='ltr'>amisit.</span> <span class='ocrx_word' id='word_1_325' title='bbox 1210 1894 1294 1930; x_wconf 84' lang='lat' dir='ltr'>Quid</span> <span class='ocrx_word' id='word_1_326' title='bbox 1327 1894 1410 1925; x_wconf 81' lang='lat' dir='ltr'>enim</span> <span class='ocrx_word' id='word_1_327' title='bbox 1441 1894 1530 1935; x_wconf 87' lang='lat' dir='ltr'>prius</span> <span class='ocrx_word' id='word_1_328' title='bbox 1561 1892 1706 1923; x_wconf 87' lang='lat' dir='ltr'>facerent</span> <span class='ocrx_word' id='word_1_329' title='bbox 1735 1891 1818 1921; x_wconf 86' lang='lat' dir='ltr'>inter</span> 
     </span>
     <span class='ocr_line' id='line_1_34' title="bbox 162 1942 1817 1990; baseline -0.005 -10"><span class='ocrx_word' id='word_1_330' title='bbox 162 1960 274 1980; x_wconf 88' lang='lat' dir='ltr'>servos</span> <span class='ocrx_word' id='word_1_331' title='bbox 299 1949 369 1980; x_wconf 86' lang='lat' dir='ltr'>iura</span> <span class='ocrx_word' id='word_1_332' title='bbox 392 1948 537 1990; x_wconf 68' lang='lat' dir='ltr'>publica,</span> <span class='ocrx_word' id='word_1_333' title='bbox 569 1948 622 1989; x_wconf 93' lang='lat' dir='ltr'>qui</span> <span class='ocrx_word' id='word_1_334' title='bbox 648 1958 817 1989; x_wconf 88' lang='lat' dir='ltr'>personam</span> <span class='ocrx_word' id='word_1_335' title='bbox 842 1947 967 1988; x_wconf 85' lang='lat' dir='ltr'>legibus</span> <span class='ocrx_word' id='word_1_336' title='bbox 998 1957 1061 1977; x_wconf 90' lang='lat' dir='ltr'>non</span> <span class='ocrx_word' id='word_1_337' title='bbox 1093 1947 1278 1977; x_wconf 69' lang='lat' dir='ltr'>habebant?</span> <span class='ocrx_word' id='word_1_338' title='bbox 1325 1957 1387 1977; x_wconf 89' lang='lat' dir='ltr'>non</span> <span class='ocrx_word' id='word_1_339' title='bbox 1416 1946 1459 1976; x_wconf 92' lang='lat' dir='ltr'>ibi</span> <span class='ocrx_word' id='word_1_340' title='bbox 1490 1944 1666 1975; x_wconf 82' lang='lat' dir='ltr'>advocatus</span> <span class='ocrx_word' id='word_1_341' title='bbox 1695 1942 1817 1981; x_wconf 75' lang='lat' dir='ltr'>aderat,</span> 
     </span>
     <span class='ocr_line' id='line_1_35' title="bbox 162 1995 1816 2042; baseline -0.005 -10"><span class='ocrx_word' id='word_1_342' title='bbox 162 2011 224 2032; x_wconf 92' lang='lat' dir='ltr'>non</span> <span class='ocrx_word' id='word_1_343' title='bbox 249 2011 284 2032; x_wconf 84' lang='lat' dir='ltr'>se</span> <span class='ocrx_word' id='word_1_344' title='bbox 310 2003 420 2042; x_wconf 87' lang='lat' dir='ltr'>partes</span> <span class='ocrx_word' id='word_1_345' title='bbox 446 2000 596 2031; x_wconf 87' lang='lat' dir='ltr'>sollemni</span> <span class='ocrx_word' id='word_1_346' title='bbox 621 2000 748 2030; x_wconf 80' lang='lat' dir='ltr'>actione</span> <span class='ocrx_word' id='word_1_347' title='bbox 773 1999 962 2040; x_wconf 87' lang='lat' dir='ltr'>pulsabant:</span> <span class='ocrx_word' id='word_1_348' title='bbox 989 2002 1059 2029; x_wconf 81' lang='lat' dir='ltr'>erat</span> <span class='ocrx_word' id='word_1_349' title='bbox 1077 1999 1288 2029; x_wconf 86' lang='lat' dir='ltr'>secretarium</span> <span class='ocrx_word' id='word_1_350' title='bbox 1306 1997 1453 2039; x_wconf 84' lang='lat' dir='ltr'>impolita</span> <span class='ocrx_word' id='word_1_351' title='bbox 1471 1996 1630 2027; x_wconf 88' lang='lat' dir='ltr'>seditione</span> <span class='ocrx_word' id='word_1_352' title='bbox 1648 1995 1816 2025; x_wconf 88' lang='lat' dir='ltr'>confusum</span> 
     </span>
     <span class='ocr_line' id='line_1_36' title="bbox 163 2046 1816 2094; baseline -0.005 -10"><span class='ocrx_word' id='word_1_353' title='bbox 163 2056 194 2084; x_wconf 86' lang='lat' dir='ltr'>et</span> <span class='ocrx_word' id='word_1_354' title='bbox 223 2053 449 2094; x_wconf 88' lang='lat' dir='ltr'>appellabatur</span> <span class='ocrx_word' id='word_1_355' title='bbox 478 2052 613 2083; x_wconf 85' lang='lat' dir='ltr'>abusive</span> <span class='ocrx_word' id='word_1_356' title='bbox 645 2051 813 2085; x_wconf 76' lang='lat' dir='ltr'>iudicium,</span> <span class='ocrx_word' id='word_1_357' title='bbox 844 2051 899 2081; x_wconf 89' lang='lat' dir='ltr'>ubi</span> <span class='ocrx_word' id='word_1_358' title='bbox 929 2061 993 2080; x_wconf 92' lang='lat' dir='ltr'>non</span> <span class='ocrx_word' id='word_1_359' title='bbox 1024 2050 1250 2091; x_wconf 86' lang='lat' dir='ltr'>allegabantur</span> <span class='ocrx_word' id='word_1_360' title='bbox 1275 2061 1292 2080; x_wconf 88' lang='lat' dir='ltr'>a</span> <span class='ocrx_word' id='word_1_361' title='bbox 1316 2049 1464 2091; x_wconf 85' lang='lat' dir='ltr'>partibus</span> <span class='ocrx_word' id='word_1_362' title='bbox 1489 2048 1574 2078; x_wconf 85' lang='lat' dir='ltr'>dicta</span> <span class='ocrx_word' id='word_1_363' title='bbox 1598 2046 1816 2088; x_wconf 87' lang='lat' dir='ltr'>prudentium.</span> 
     </span>
     <span class='ocr_line' id='line_1_37' title="bbox 162 2097 1818 2146; baseline -0.005 -10"><span class='ocrx_word' id='word_1_364' title='bbox 162 2105 261 2136; x_wconf 88' lang='lat' dir='ltr'>utitur</span> <span class='ocrx_word' id='word_1_365' title='bbox 285 2115 369 2135; x_wconf 87' lang='lat' dir='ltr'>nunc</span> <span class='ocrx_word' id='word_1_366' title='bbox 394 2104 536 2146; x_wconf 86' lang='lat' dir='ltr'>dignitas</span> <span class='ocrx_word' id='word_1_367' title='bbox 562 2102 737 2133; x_wconf 85' lang='lat' dir='ltr'>liberorum</span> <span class='ocrx_word' id='word_1_368' title='bbox 771 2102 876 2133; x_wconf 87' lang='lat' dir='ltr'>causis</span> <span class='ocrx_word' id='word_1_369' title='bbox 907 2105 939 2132; x_wconf 91' lang='lat' dir='ltr'>et</span> <span class='ocrx_word' id='word_1_370' title='bbox 971 2102 1134 2142; x_wconf 84' lang='lat' dir='ltr'>legitimus</span> <span class='ocrx_word' id='word_1_371' title='bbox 1166 2101 1294 2142; x_wconf 87' lang='lat' dir='ltr'>praesul</span> <span class='ocrx_word' id='word_1_372' title='bbox 1320 2100 1480 2131; x_wconf 86' lang='lat' dir='ltr'>veraciter</span> <span class='ocrx_word' id='word_1_373' title='bbox 1509 2099 1657 2133; x_wconf 75' lang='lat' dir='ltr'>habetur.</span> <span class='ocrx_word' id='word_1_374' title='bbox 1690 2097 1818 2139; x_wconf 85' lang='lat' dir='ltr'>quando</span> 
     </span>
    </p>
   </div>
   <div class='ocr_carea' id='block_1_11' title="bbox 162 2150 1860 2198">
    <p class='ocr_par' dir='ltr' id='par_1_11' title="bbox 162 2150 1860 2198">
     <span class='ocr_line' id='line_1_38' title="bbox 162 2150 1860 2198; baseline -0.005 -10"><span class='ocrx_word' id='word_1_375' title='bbox 162 2156 201 2188; x_wconf 87' lang='lat' dir='ltr'>de</span> <span class='ocrx_word' id='word_1_376' title='bbox 224 2157 439 2198; x_wconf 83' lang='lat' dir='ltr'>ingenuorum</span> <span class='ocrx_word' id='word_1_377' title='bbox 464 2155 603 2186; x_wconf 86' lang='lat' dir='ltr'>fortunis</span> <span class='ocrx_word' id='word_1_378' title='bbox 628 2155 810 2196; x_wconf 84' lang='lat' dir='ltr'>disceptare</span> <span class='ocrx_word' id='word_1_379' title='bbox 834 2164 931 2195; x_wconf 78' lang='lat' dir='ltr'>posse</span> <span class='ocrx_word' id='word_1_380' title='bbox 957 2154 1103 2184; x_wconf 83' lang='lat' dir='ltr'>sentitur.</span> <span class='ocrx_word' id='word_1_381' title='bbox 1144 2153 1287 2183; x_wconf 86' lang='lat' dir='ltr'>Primum</span> <span class='ocrx_word' id='word_1_382' title='bbox 1304 2152 1362 2183; x_wconf 87' lang='lat' dir='ltr'>tibi</span> <span class='ocrx_word' id='word_1_383' title='bbox 1380 2155 1490 2183; x_wconf 87' lang='lat' dir='ltr'>contra</span> <span class='ocrx_word' id='word_1_384' title='bbox 1508 2151 1648 2182; x_wconf 84' lang='lat' dir='ltr'>nefarias</span> <span class='ocrx_word' id='word_1_385' title='bbox 1667 2150 1816 2181; x_wconf 83' lang='lat' dir='ltr'>libidines</span> <span class='ocrx_word' id='word_1_386' title='bbox 1837 2157 1860 2173; x_wconf 72' lang='lat'>25·</span> 
     </span>
    </p>
   </div>
   <div class='ocr_carea' id='block_1_12' title="bbox 167 2227 281 2229">
    <p class='ocr_par' dir='ltr' id='par_1_12' title="bbox 167 2227 281 2229">
     <span class='ocr_line' id='line_1_39' title="bbox 167 2227 281 2229; baseline 0 0"><span class='ocrx_word' id='word_1_387' title='bbox 167 2227 281 2229; x_wconf 95' lang='lat' dir='ltr'> </span> 
     </span>
    </p>
   </div>
   <div class='ocr_carea' id='block_1_13' title="bbox 266 2276 519 2310">
    <p class='ocr_par' dir='ltr' id='par_1_13' title="bbox 266 2276 519 2310">
     <span class='ocr_line' id='line_1_40' title="bbox 266 2276 519 2310; baseline 0 -8"><span class='ocrx_word' id='word_1_388' title='bbox 266 2276 519 2310; x_wconf 65' lang='lat' dir='ltr'><em>LRKPffzOEOE)</em></span> 
     </span>
    </p>
   </div>
   <div class='ocr_carea' id='block_1_14' title="bbox 163 2348 1820 2864">
    <p class='ocr_par' dir='ltr' id='par_1_14' title="bbox 163 2348 1820 2864">
     <span class='ocr_line' id='line_1_41' title="bbox 268 2348 1817 2389; baseline -0.006 -8"><span class='ocrx_word' id='word_1_389' title='bbox 268 2356 279 2381; x_wconf 94' lang='grc'><strong>1</strong></span> <span class='ocrx_word' id='word_1_390' title='bbox 299 2357 419 2389; x_wconf 82' lang='lat' dir='ltr'>principis</span> <span class='ocrx_word' id='word_1_391' title='bbox 439 2354 540 2379; x_wconf 79' lang='lat' dir='ltr'><em>TUEF</em></span> <span class='ocrx_word' id='word_1_392' title='bbox 596 2362 640 2386; x_wconf 86' lang='lat' dir='ltr'>per</span> <span class='ocrx_word' id='word_1_393' title='bbox 659 2367 690 2370; x_wconf 71' lang='lat'>-</span> <span class='ocrx_word' id='word_1_394' title='bbox 710 2352 726 2377; x_wconf 68' lang='lat'>‘2</span> <span class='ocrx_word' id='word_1_395' title='bbox 745 2354 826 2377; x_wconf 76' lang='lat' dir='ltr'>salute</span> <span class='ocrx_word' id='word_1_396' title='bbox 846 2361 892 2376; x_wconf 81' lang='lat' dir='ltr'>om.</span> <span class='ocrx_word' id='word_1_397' title='bbox 909 2352 948 2375; x_wconf 93' lang='lat' dir='ltr'>L¹</span> <span class='ocrx_word' id='word_1_398' title='bbox 1043 2352 1058 2375; x_wconf 83' lang='lat'><strong>3</strong></span> <span class='ocrx_word' id='word_1_399' title='bbox 1077 2352 1218 2376; x_wconf 72' lang='lat' dir='ltr'>numeraria</span> <span class='ocrx_word' id='word_1_400' title='bbox 1234 2352 1253 2375; x_wconf 58' lang='lat'>11</span> <span class='ocrx_word' id='word_1_401' title='bbox 1264 2351 1310 2370; x_wconf 58' lang='lat' dir='ltr'>rm)</span> <span class='ocrx_word' id='word_1_402' title='bbox 1327 2352 1391 2375; x_wconf 70' lang='lat' dir='ltr'>Gar.</span> <span class='ocrx_word' id='word_1_403' title='bbox 1451 2355 1552 2375; x_wconf 80' lang='lat' dir='ltr'>uestrae</span> <span class='ocrx_word' id='word_1_404' title='bbox 1569 2350 1606 2374; x_wconf 85' lang='lat' dir='ltr'>E¹</span> <span class='ocrx_word' id='word_1_405' title='bbox 1701 2350 1716 2372; x_wconf 71' lang='lat'>⁴3</span> <span class='ocrx_word' id='word_1_406' title='bbox 1737 2348 1817 2381; x_wconf 78' lang='lat' dir='ltr'>parili}</span> 
     </span>
     <span class='ocr_line' id='line_1_42' title="bbox 164 2393 1818 2433; baseline -0.006 -8"><span class='ocrx_word' id='word_1_407' title='bbox 164 2401 216 2433; x_wconf 85' lang='lat' dir='ltr'>pari</span> <span class='ocrx_word' id='word_1_408' title='bbox 230 2400 297 2425; x_wconf 62' lang='grc' dir='ltr'>ΕΡἫΖ</span> <span class='ocrx_word' id='word_1_409' title='bbox 358 2400 485 2431; x_wconf 74' lang='lat' dir='ltr'>coniunge</span> <span class='ocrx_word' id='word_1_410' title='bbox 499 2395 583 2429; x_wconf 74' lang='lat' dir='ltr'><em>L¹[”?]</em></span> <span class='ocrx_word' id='word_1_411' title='bbox 679 2395 692 2420; x_wconf 79' lang='grc' dir='ltr'>’ἶ</span> <span class='ocrx_word' id='word_1_412' title='bbox 712 2397 860 2420; x_wconf 76' lang='lat' dir='ltr'>subiaceant</span> <span class='ocrx_word' id='word_1_413' title='bbox 876 2395 922 2419; x_wconf 78' lang='grc' dir='ltr'>ΕΑ</span> <span class='ocrx_word' id='word_1_414' title='bbox 987 2399 1044 2419; x_wconf 75' lang='lat' dir='ltr'>ante</span> <span class='ocrx_word' id='word_1_415' title='bbox 1064 2400 1192 2419; x_wconf 81' lang='lat' dir='ltr'>cartarum</span> <span class='ocrx_word' id='word_1_416' title='bbox 1213 2399 1285 2419; x_wconf 64' lang='lat' dir='ltr'>raa-ae</span> <span class='ocrx_word' id='word_1_417' title='bbox 1303 2404 1341 2426; x_wconf 77' lang='lat' dir='ltr'>sp.</span> <span class='ocrx_word' id='word_1_418' title='bbox 1355 2398 1369 2419; x_wconf 65' lang='lat'><em>4</em></span> <span class='ocrx_word' id='word_1_419' title='bbox 1390 2395 1434 2418; x_wconf 75' lang='lat' dir='ltr'>litt.</span> <span class='ocrx_word' id='word_1_420' title='bbox 1449 2394 1483 2421; x_wconf 75' lang='lat' dir='ltr'>P,·</span> <span class='ocrx_word' id='word_1_421' title='bbox 1502 2393 1593 2417; x_wconf 63' lang='lat' dir='ltr'>weldi!</span> <span class='ocrx_word' id='word_1_422' title='bbox 1606 2394 1720 2424; x_wconf 72' lang='lat' dir='ltr'>for-tasse</span> <span class='ocrx_word' id='word_1_423' title='bbox 1740 2393 1818 2416; x_wconf 73' lang='lat' dir='ltr'>decus</span> 
     </span>
     <span class='ocr_line' id='line_1_43' title="bbox 164 2434 1819 2470; baseline -0.006 -2"><span class='ocrx_word' id='word_1_424' title='bbox 164 2444 203 2468; x_wconf 70' lang='lat' dir='ltr'>vel</span> <span class='ocrx_word' id='word_1_425' title='bbox 220 2452 315 2468; x_wconf 85' lang='lat' dir='ltr'>munus</span> <span class='ocrx_word' id='word_1_426' title='bbox 334 2443 443 2467; x_wconf 68' lang='lat' dir='ltr'>similere</span> <span class='ocrx_word' id='word_1_427' title='bbox 463 2441 608 2466; x_wconf 62' lang='lat' dir='ltr'>vocabulum</span> <span class='ocrx_word' id='word_1_428' title='bbox 704 2440 720 2463; x_wconf 66' lang='lat' dir='ltr'>S</span> <span class='ocrx_word' id='word_1_429' title='bbox 739 2437 882 2470; x_wconf 75' lang='lat' dir='ltr'>contii-mas]</span> <span class='ocrx_word' id='word_1_430' title='bbox 903 2447 924 2463; x_wconf 79' lang='lat' dir='ltr'>c.</span> <span class='ocrx_word' id='word_1_431' title='bbox 944 2439 1056 2462; x_wconf 73' lang='lat' dir='ltr'>officium</span> <span class='ocrx_word' id='word_1_432' title='bbox 1073 2438 1220 2462; x_wconf 52' lang='lat' dir='ltr'>J&lt;2F,11·0·ss=</span> <span class='ocrx_word' id='word_1_433' title='bbox 1281 2447 1325 2470; x_wconf 80' lang='lat' dir='ltr'>pro</span> <span class='ocrx_word' id='word_1_434' title='bbox 1345 2447 1392 2462; x_wconf 83' lang='lat' dir='ltr'>om.</span> <span class='ocrx_word' id='word_1_435' title='bbox 1408 2437 1448 2461; x_wconf 70' lang='lat'>1²³</span> <span class='ocrx_word' id='word_1_436' title='bbox 1545 2437 1560 2459; x_wconf 73' lang='grc'><strong>9</strong></span> <span class='ocrx_word' id='word_1_437' title='bbox 1580 2444 1611 2460; x_wconf 84' lang='lat' dir='ltr'>ne</span> <span class='ocrx_word' id='word_1_438' title='bbox 1631 2434 1701 2468; x_wconf 82' lang='lat' dir='ltr'>quid]</span> <span class='ocrx_word' id='word_1_439' title='bbox 1721 2435 1819 2466; x_wconf 65' lang='lat' dir='ltr'>scripsi.</span> 
     </span>
     <span class='ocr_line' id='line_1_44' title="bbox 163 2477 1816 2519; baseline -0.006 -8"><span class='ocrx_word' id='word_1_440' title='bbox 163 2487 207 2519; x_wconf 88' lang='lat' dir='ltr'>qui</span> <span class='ocrx_word' id='word_1_441' title='bbox 226 2484 457 2515; x_wconf 74' lang='lat' dir='ltr'><em>LRKPTEF¹A‚</em></span> <span class='ocrx_word' id='word_1_442' title='bbox 481 2485 522 2509; x_wconf 86' lang='lat' dir='ltr'>eui</span> <span class='ocrx_word' id='word_1_443' title='bbox 542 2483 594 2509; x_wconf 46' lang='grc' dir='ltr'>ΙΝ,</span> <span class='ocrx_word' id='word_1_444' title='bbox 613 2493 660 2507; x_wconf 73' lang='grc' dir='ltr'><em>(ιιιι.</em></span> <span class='ocrx_word' id='word_1_445' title='bbox 677 2482 699 2505; x_wconf 74' lang='grc' dir='ltr'><em>Γ</em></span> <span class='ocrx_word' id='word_1_446' title='bbox 826 2481 857 2506; x_wconf 86' lang='grc'>10</span> <span class='ocrx_word' id='word_1_447' title='bbox 878 2490 967 2514; x_wconf 77' lang='lat' dir='ltr'>regum</span> <span class='ocrx_word' id='word_1_448' title='bbox 990 2482 1008 2505; x_wconf 83' lang='grc'>,1</span> <span class='ocrx_word' id='word_1_449' title='bbox 1141 2481 1169 2505; x_wconf 95' lang='grc'>11</span> <span class='ocrx_word' id='word_1_450' title='bbox 1194 2482 1356 2505; x_wconf 74' lang='lat' dir='ltr'>aducnientia</span> <span class='ocrx_word' id='word_1_451' title='bbox 1376 2481 1403 2504; x_wconf 83' lang='lat' dir='ltr'><em>F</em></span> <span class='ocrx_word' id='word_1_452' title='bbox 1498 2478 1607 2511; x_wconf 70' lang='lat' dir='ltr'>constat]</span> <span class='ocrx_word' id='word_1_453' title='bbox 1632 2487 1651 2502; x_wconf 82' lang='lat' dir='ltr'>c.</span> <span class='ocrx_word' id='word_1_454' title='bbox 1676 2478 1758 2502; x_wconf 81' lang='lat' dir='ltr'>offerri</span> <span class='ocrx_word' id='word_1_455' title='bbox 1778 2477 1816 2501; x_wconf 82' lang='lat' dir='ltr'>F¹</span> 
     </span>
     <span class='ocr_line' id='line_1_45' title="bbox 164 2520 1817 2559; baseline -0.007 -4"><span class='ocrx_word' id='word_1_456' title='bbox 164 2530 196 2555; x_wconf 78' lang='lat'>12</span> <span class='ocrx_word' id='word_1_457' title='bbox 215 2534 253 2555; x_wconf 83' lang='lat' dir='ltr'>est</span> <span class='ocrx_word' id='word_1_458' title='bbox 276 2538 323 2554; x_wconf 82' lang='lat' dir='ltr'>om.</span> <span class='ocrx_word' id='word_1_459' title='bbox 338 2529 365 2553; x_wconf 81' lang='lat' dir='ltr'><em>F</em></span> <span class='ocrx_word' id='word_1_460' title='bbox 468 2527 500 2552; x_wconf 79' lang='lat'>14</span> <span class='ocrx_word' id='word_1_461' title='bbox 519 2527 627 2559; x_wconf 80' lang='lat' dir='ltr'>pretium</span> <span class='ocrx_word' id='word_1_462' title='bbox 648 2526 669 2550; x_wconf 81' lang='lat' dir='ltr'>l¹</span> <span class='ocrx_word' id='word_1_463' title='bbox 738 2525 894 2549; x_wconf 69' lang='lat' dir='ltr'>obsecundat</span> <span class='ocrx_word' id='word_1_464' title='bbox 916 2524 965 2548; x_wconf 78' lang='grc' dir='ltr'>ΚΑ</span> <span class='ocrx_word' id='word_1_465' title='bbox 1037 2524 1179 2557; x_wconf 69' lang='lat' dir='ltr'>confluunt]</span> <span class='ocrx_word' id='word_1_466' title='bbox 1207 2526 1289 2549; x_wconf 81' lang='lat' dir='ltr'>llunnt</span> <span class='ocrx_word' id='word_1_467' title='bbox 1311 2525 1332 2548; x_wconf 89' lang='lat' dir='ltr'><em>P</em></span> <span class='ocrx_word' id='word_1_468' title='bbox 1402 2522 1454 2555; x_wconf 88' lang='lat' dir='ltr'>qui]</span> <span class='ocrx_word' id='word_1_469' title='bbox 1479 2531 1528 2554; x_wconf 86' lang='lat' dir='ltr'>quc</span> <span class='ocrx_word' id='word_1_470' title='bbox 1548 2522 1601 2546; x_wconf 79' lang='lat' dir='ltr'>EF</span> <span class='ocrx_word' id='word_1_471' title='bbox 1704 2520 1734 2544; x_wconf 73' lang='lat'>15</span> <span class='ocrx_word' id='word_1_472' title='bbox 1755 2526 1817 2553; x_wconf 78' lang='lat' dir='ltr'>part.</span> 
     </span>
     <span class='ocr_line' id='line_1_46' title="bbox 163 2564 1817 2600; baseline -0.007 -1"><span class='ocrx_word' id='word_1_473' title='bbox 163 2575 250 2599; x_wconf 84' lang='lat' dir='ltr'>mundi</span> <span class='ocrx_word' id='word_1_474' title='bbox 270 2573 295 2598; x_wconf 92' lang='lat' dir='ltr'><strong><em>P</em></strong></span> <span class='ocrx_word' id='word_1_475' title='bbox 391 2573 517 2597; x_wconf 79' lang='lat' dir='ltr'>aduenere</span> <span class='ocrx_word' id='word_1_476' title='bbox 538 2571 575 2594; x_wconf 64' lang='lat' dir='ltr'>Ae</span> <span class='ocrx_word' id='word_1_477' title='bbox 681 2570 749 2594; x_wconf 72' lang='lat' dir='ltr'>salus</span> <span class='ocrx_word' id='word_1_478' title='bbox 773 2568 821 2592; x_wconf 72' lang='lat' dir='ltr'>TF</span> <span class='ocrx_word' id='word_1_479' title='bbox 917 2569 1006 2592; x_wconf 60' lang='lat' dir='ltr'>sirica&lt;</span> <span class='ocrx_word' id='word_1_480' title='bbox 1026 2568 1057 2593; x_wconf 86' lang='lat' dir='ltr'>E.</span> <span class='ocrx_word' id='word_1_481' title='bbox 1085 2569 1180 2600; x_wconf 76' lang='lat' dir='ltr'>syricas</span> <span class='ocrx_word' id='word_1_482' title='bbox 1201 2568 1227 2592; x_wconf 82' lang='lat' dir='ltr'><em>F</em></span> <span class='ocrx_word' id='word_1_483' title='bbox 1360 2566 1391 2591; x_wconf 81' lang='lat' dir='ltr'>lG</span> <span class='ocrx_word' id='word_1_484' title='bbox 1420 2566 1626 2599; x_wconf 71' lang='lat' dir='ltr'>pretiosissimam</span> <span class='ocrx_word' id='word_1_485' title='bbox 1655 2564 1817 2596; x_wconf 81' lang='lat' dir='ltr'>margaritam</span> 
     </span>
     <span class='ocr_line' id='line_1_47' title="bbox 165 2606 1820 2649; baseline -0.007 -7"><span class='ocrx_word' id='word_1_486' title='bbox 165 2617 325 2649; x_wconf 80' lang='lat' dir='ltr'>(magaritam</span> <span class='ocrx_word' id='word_1_487' title='bbox 346 2614 394 2647; x_wconf 61' lang='lat' dir='ltr'>Ki]</span> <span class='ocrx_word' id='word_1_488' title='bbox 420 2614 618 2648; x_wconf 80' lang='lat' dir='ltr'>preciosissinms</span> <span class='ocrx_word' id='word_1_489' title='bbox 641 2613 792 2645; x_wconf 76' lang='lat' dir='ltr'>margaritas</span> <span class='ocrx_word' id='word_1_490' title='bbox 812 2612 836 2635; x_wconf 85' lang='lat' dir='ltr'><strong><em>P</em></strong></span> <span class='ocrx_word' id='word_1_491' title='bbox 948 2610 979 2635; x_wconf 75' lang='grc'>17</span> <span class='ocrx_word' id='word_1_492' title='bbox 999 2612 1130 2636; x_wconf 80' lang='lat' dir='ltr'>ostendere</span> <span class='ocrx_word' id='word_1_493' title='bbox 1153 2612 1178 2635; x_wconf 79' lang='lat' dir='ltr'><em>K</em></span> <span class='ocrx_word' id='word_1_494' title='bbox 1259 2612 1300 2635; x_wconf 75' lang='lat' dir='ltr'>eui</span> <span class='ocrx_word' id='word_1_495' title='bbox 1324 2611 1381 2635; x_wconf 77' lang='lat' dir='ltr'>talis</span> <span class='ocrx_word' id='word_1_496' title='bbox 1405 2608 1511 2642; x_wconf 68' lang='lat' dir='ltr'>species]</span> <span class='ocrx_word' id='word_1_497' title='bbox 1536 2610 1577 2633; x_wconf 83' lang='lat' dir='ltr'>cui</span> <span class='ocrx_word' id='word_1_498' title='bbox 1600 2609 1656 2632; x_wconf 77' lang='lat' dir='ltr'>talis</span> <span class='ocrx_word' id='word_1_499' title='bbox 1681 2612 1775 2639; x_wconf 73' lang='lat' dir='ltr'>spectet</span> <span class='ocrx_word' id='word_1_500' title='bbox 1791 2606 1820 2631; x_wconf 76' lang='grc' dir='ltr'>Γ.</span> 
     </span>
     <span class='ocr_line' id='line_1_48' title="bbox 164 2649 1817 2692; baseline -0.008 -6"><span class='ocrx_word' id='word_1_501' title='bbox 164 2661 274 2686; x_wconf 80' lang='lat' dir='ltr'>ciuitalis</span> <span class='ocrx_word' id='word_1_502' title='bbox 293 2663 409 2692; x_wconf 83' lang='lat' dir='ltr'>expectet</span> <span class='ocrx_word' id='word_1_503' title='bbox 427 2659 450 2682; x_wconf 88' lang='grc' dir='ltr'><em>Τ</em></span> <span class='ocrx_word' id='word_1_504' title='bbox 523 2655 654 2690; x_wconf 80' lang='lat' dir='ltr'>deputata]</span> <span class='ocrx_word' id='word_1_505' title='bbox 676 2660 761 2688; x_wconf 80' lang='lat' dir='ltr'>putata</span> <span class='ocrx_word' id='word_1_506' title='bbox 775 2655 803 2679; x_wconf 86' lang='lat' dir='ltr'><em>K</em></span> <span class='ocrx_word' id='word_1_507' title='bbox 871 2654 986 2686; x_wconf 72' lang='lat' dir='ltr'>sei-niret]</span> <span class='ocrx_word' id='word_1_508' title='bbox 1008 2656 1097 2679; x_wconf 82' lang='lat' dir='ltr'>seruiri</span> <span class='ocrx_word' id='word_1_509' title='bbox 1116 2655 1144 2681; x_wconf 73' lang='grc' dir='ltr'>Γ.</span> <span class='ocrx_word' id='word_1_510' title='bbox 1163 2656 1267 2679; x_wconf 78' lang='lat' dir='ltr'>seruitia</span> <span class='ocrx_word' id='word_1_511' title='bbox 1286 2655 1308 2678; x_wconf 76' lang='lat' dir='ltr'>&#39;l&#39;</span> <span class='ocrx_word' id='word_1_512' title='bbox 1375 2662 1419 2685; x_wconf 81' lang='lat' dir='ltr'>per</span> <span class='ocrx_word' id='word_1_513' title='bbox 1438 2662 1486 2677; x_wconf 82' lang='lat' dir='ltr'>om.</span> <span class='ocrx_word' id='word_1_514' title='bbox 1501 2652 1524 2675; x_wconf 78' lang='lat' dir='ltr'><em>R</em></span> <span class='ocrx_word' id='word_1_515' title='bbox 1632 2650 1662 2674; x_wconf 66' lang='lat'>19</span> <span class='ocrx_word' id='word_1_516' title='bbox 1681 2651 1765 2674; x_wconf 84' lang='lat' dir='ltr'>laudis</span> <span class='ocrx_word' id='word_1_517' title='bbox 1779 2649 1817 2673; x_wconf 60' lang='grc' dir='ltr'>Ε]</span> 
     </span>
     <span class='ocr_line' id='line_1_49' title="bbox 164 2693 1819 2732; baseline -0.008 -3"><span class='ocrx_word' id='word_1_518' title='bbox 164 2703 195 2728; x_wconf 75' lang='grc'>21</span> <span class='ocrx_word' id='word_1_519' title='bbox 223 2703 313 2728; x_wconf 82' lang='lat' dir='ltr'>debeat</span> <span class='ocrx_word' id='word_1_520' title='bbox 332 2702 384 2727; x_wconf 82' lang='lat' dir='ltr'>EF</span> <span class='ocrx_word' id='word_1_521' title='bbox 520 2700 553 2725; x_wconf 72' lang='lat'>&#39;22</span> <span class='ocrx_word' id='word_1_522' title='bbox 577 2700 706 2732; x_wconf 77' lang='lat' dir='ltr'>copiosum</span> <span class='ocrx_word' id='word_1_523' title='bbox 732 2707 778 2722; x_wconf 83' lang='lat' dir='ltr'>om.</span> <span class='ocrx_word' id='word_1_524' title='bbox 801 2698 851 2721; x_wconf 67' lang='lat' dir='ltr'>TIV</span> <span class='ocrx_word' id='word_1_525' title='bbox 985 2697 1018 2722; x_wconf 66' lang='grc' dir='ltr'>Ξῖ)</span> <span class='ocrx_word' id='word_1_526' title='bbox 1041 2699 1165 2723; x_wconf 82' lang='lat' dir='ltr'>domitiua</span> <span class='ocrx_word' id='word_1_527' title='bbox 1186 2698 1209 2722; x_wconf 74' lang='lat' dir='ltr'>JZ</span> <span class='ocrx_word' id='word_1_528' title='bbox 1314 2695 1403 2729; x_wconf 79' lang='lat' dir='ltr'>ipsius]</span> <span class='ocrx_word' id='word_1_529' title='bbox 1434 2696 1472 2719; x_wconf 82' lang='lat' dir='ltr'>sui</span> <span class='ocrx_word' id='word_1_530' title='bbox 1492 2695 1520 2719; x_wconf 88' lang='lat' dir='ltr'><em>F</em></span> <span class='ocrx_word' id='word_1_531' title='bbox 1653 2693 1686 2717; x_wconf 72' lang='lat' dir='ltr'>*2ss</span> <span class='ocrx_word' id='word_1_532' title='bbox 1709 2693 1819 2717; x_wconf 81' lang='lat' dir='ltr'>rationa-</span> 
     </span>
     <span class='ocr_line' id='line_1_50' title="bbox 164 2734 1818 2776; baseline -0.008 -5"><span class='ocrx_word' id='word_1_533' title='bbox 164 2747 253 2771; x_wconf 87' lang='lat' dir='ltr'>bilium</span> <span class='ocrx_word' id='word_1_534' title='bbox 274 2746 354 2770; x_wconf 70' lang='grc' dir='ltr'>ΗΕΓ</span> <span class='ocrx_word' id='word_1_535' title='bbox 429 2743 567 2776; x_wconf 82' lang='lat' dir='ltr'>quondam]</span> <span class='ocrx_word' id='word_1_536' title='bbox 594 2743 695 2775; x_wconf 79' lang='lat' dir='ltr'>quando</span> <span class='ocrx_word' id='word_1_537' title='bbox 713 2741 762 2765; x_wconf 59' lang='lat' dir='ltr'>TI*</span> <span class='ocrx_word' id='word_1_538' title='bbox 874 2741 906 2765; x_wconf 63' lang='lat' dir='ltr'>{2ss</span> <span class='ocrx_word' id='word_1_539' title='bbox 930 2745 1028 2765; x_wconf 83' lang='lat' dir='ltr'>tantum</span> <span class='ocrx_word' id='word_1_540' title='bbox 1054 2740 1136 2773; x_wconf 78' lang='lat' dir='ltr'>modo]</span> <span class='ocrx_word' id='word_1_541' title='bbox 1162 2745 1261 2766; x_wconf 78' lang='lat' dir='ltr'>tantum</span> <span class='ocrx_word' id='word_1_542' title='bbox 1280 2741 1302 2765; x_wconf 75' lang='lat' dir='ltr'><em>A</em></span> <span class='ocrx_word' id='word_1_543' title='bbox 1384 2739 1502 2763; x_wconf 78' lang='lat' dir='ltr'>uideatur</span> <span class='ocrx_word' id='word_1_544' title='bbox 1515 2737 1568 2761; x_wconf 73' lang='lat' dir='ltr'>Eh&#39;</span> <span class='ocrx_word' id='word_1_545' title='bbox 1679 2734 1712 2759; x_wconf 79' lang='lat'>30</span> <span class='ocrx_word' id='word_1_546' title='bbox 1736 2735 1818 2767; x_wconf 61' lang='lat' dir='ltr'>primi&lt;</span> 
     </span>
     <span class='ocr_line' id='line_1_51' title="bbox 164 2777 1818 2820; baseline -0.007 -7"><span class='ocrx_word' id='word_1_547' title='bbox 164 2793 207 2814; x_wconf 86' lang='lat' dir='ltr'>tus</span> <span class='ocrx_word' id='word_1_548' title='bbox 226 2788 277 2812; x_wconf 84' lang='lat' dir='ltr'>TU</span> <span class='ocrx_word' id='word_1_549' title='bbox 368 2787 399 2812; x_wconf 88' lang='grc'>31</span> <span class='ocrx_word' id='word_1_550' title='bbox 420 2785 530 2820; x_wconf 80' lang='lat' dir='ltr'>leg-ibus]</span> <span class='ocrx_word' id='word_1_551' title='bbox 551 2786 679 2819; x_wconf 78' lang='lat' dir='ltr'>publicam</span> <span class='ocrx_word' id='word_1_552' title='bbox 695 2784 745 2808; x_wconf 69' lang='grc' dir='ltr'>ΤΓ</span> <span class='ocrx_word' id='word_1_553' title='bbox 805 2783 849 2815; x_wconf 81' lang='lat' dir='ltr'>ihi]</span> <span class='ocrx_word' id='word_1_554' title='bbox 870 2785 937 2808; x_wconf 87' lang='lat' dir='ltr'>enim</span> <span class='ocrx_word' id='word_1_555' title='bbox 952 2784 981 2808; x_wconf 85' lang='lat' dir='ltr'><strong><em>K</em></strong></span> <span class='ocrx_word' id='word_1_556' title='bbox 1074 2783 1107 2809; x_wconf 67' lang='lat'>3²2</span> <span class='ocrx_word' id='word_1_557' title='bbox 1126 2794 1152 2809; x_wconf 83' lang='lat' dir='ltr'>se</span> <span class='ocrx_word' id='word_1_558' title='bbox 1172 2794 1222 2809; x_wconf 90' lang='lat' dir='ltr'>non</span> <span class='ocrx_word' id='word_1_559' title='bbox 1238 2784 1278 2808; x_wconf 76' lang='lat' dir='ltr'>Pa</span> <span class='ocrx_word' id='word_1_560' title='bbox 1374 2782 1407 2806; x_wconf 85' lang='lat'>34</span> <span class='ocrx_word' id='word_1_561' title='bbox 1426 2782 1548 2806; x_wconf 84' lang='lat' dir='ltr'>librorum</span> <span class='ocrx_word' id='word_1_562' title='bbox 1564 2780 1605 2804; x_wconf 61' lang='grc' dir='ltr'>Κ)</span> <span class='ocrx_word' id='word_1_563' title='bbox 1669 2778 1763 2802; x_wconf 75' lang='lat' dir='ltr'>habere</span> <span class='ocrx_word' id='word_1_564' title='bbox 1778 2777 1818 2801; x_wconf 84' lang='lat' dir='ltr'>R¹</span> 
     </span>
     <span class='ocr_line' id='line_1_52' title="bbox 165 2824 1579 2864; baseline -0.007 -7"><span class='ocrx_word' id='word_1_565' title='bbox 165 2831 198 2856; x_wconf 82' lang='lat'>35</span> <span class='ocrx_word' id='word_1_566' title='bbox 216 2832 377 2864; x_wconf 83' lang='lat' dir='ltr'>ingeniorum</span> <span class='ocrx_word' id='word_1_567' title='bbox 392 2830 493 2855; x_wconf 63' lang='lat' dir='ltr'><strong><em>PTUA</em></strong></span> <span class='ocrx_word' id='word_1_568' title='bbox 564 2838 636 2862; x_wconf 75' lang='lat' dir='ltr'>posse</span> <span class='ocrx_word' id='word_1_569' title='bbox 655 2827 773 2860; x_wconf 74' lang='lat' dir='ltr'>sentitur]</span> <span class='ocrx_word' id='word_1_570' title='bbox 794 2836 866 2860; x_wconf 73' lang='lat' dir='ltr'>posse</span> <span class='ocrx_word' id='word_1_571' title='bbox 885 2828 986 2852; x_wconf 80' lang='lat' dir='ltr'>uidetur</span> <span class='ocrx_word' id='word_1_572' title='bbox 1002 2828 1030 2858; x_wconf 63' lang='lat' dir='ltr'>If,</span> <span class='ocrx_word' id='word_1_573' title='bbox 1050 2836 1122 2860; x_wconf 75' lang='lat' dir='ltr'>posse</span> <span class='ocrx_word' id='word_1_574' title='bbox 1141 2829 1249 2853; x_wconf 77' lang='lat' dir='ltr'>fortunis</span> <span class='ocrx_word' id='word_1_575' title='bbox 1266 2827 1287 2850; x_wconf 90' lang='lat' dir='ltr'><em>T</em></span> <span class='ocrx_word' id='word_1_576' title='bbox 1354 2824 1410 2856; x_wconf 69' lang='lat' dir='ltr'>tibi]</span> <span class='ocrx_word' id='word_1_577' title='bbox 1431 2825 1466 2848; x_wconf 86' lang='lat' dir='ltr'>ibi</span> <span class='ocrx_word' id='word_1_578' title='bbox 1478 2824 1579 2848; x_wconf 59' lang='lat' dir='ltr'>I’Arffl&#39;</span> 
     </span>
    </p>
   </div>
   <div class='ocr_carea' id='block_1_15' title="bbox 1878 1090 1896 1116">
    <p class='ocr_par' dir='ltr' id='par_1_15' title="bbox 1878 1090 1896 1116">
     <span class='ocr_line' id='line_1_53' title="bbox 1878 1090 1896 1116; baseline -0.056 0"><span class='ocrx_word' id='word_1_579' title='bbox 1878 1090 1896 1116; x_wconf 64' lang='lat' dir='ltr'>S)</span> 
     </span>
    </p>
   </div>
   <div class='ocr_carea' id='block_1_16' title="bbox 1834 1250 1858 1267">
    <p class='ocr_par' dir='ltr' id='par_1_16' title="bbox 1834 1250 1858 1267">
     <span class='ocr_line' id='line_1_54' title="bbox 1834 1250 1858 1267; baseline -0.083 0"><span class='ocrx_word' id='word_1_580' title='bbox 1834 1250 1858 1267; x_wconf 77' lang='lat'>20</span> 
     </span>
    </p>
   </div>
   <div class='ocr_carea' id='block_1_17' title="bbox 1837 1891 1900 1920">
    <p class='ocr_par' dir='ltr' id='par_1_17' title="bbox 1837 1891 1900 1920">
     <span class='ocr_line' id='line_1_55' title="bbox 1837 1891 1900 1920; baseline 0 0"><span class='ocrx_word' id='word_1_581' title='bbox 1837 1896 1861 1913; x_wconf 67' lang='lat'>³..</span> <span class='ocrx_word' id='word_1_582' title='bbox 1882 1891 1900 1920; x_wconf 77' lang='lat'><strong>2</strong></span> 
     </span>
    </p>
   </div>
  </div>
 </body>
</html>
