2279 3261
996 826 1022 857 1.

520 892 704 923 IUSTINO
729 893 1013 926 nuPERATom
1037 895 1360 927 ATHALARICUS
1386 896 1489 927 REX.
1522 914 1834 954 a·525wsfflwffl,

285 963 375 994 Iuste
399 973 531 1004 possem
556 962 763 1004 reprehendi,
788 964 1042 995 clementissime
1068 965 1260 1007 principum,
1286 966 1312 996 si
1337 976 1451 1007 pacem
1478 969 1617 996 vestram
1643 976 1831 1007 quaererem

180 1014 308 1056 tepide,
340 1025 436 1056 quam
468 1017 622 1056 parentes
655 1025 745 1046 meos
778 1019 903 1046 constat
934 1016 1099 1047 ardentius
1131 1017 1313 1059 expetisse:
1349 1020 1404 1048 aut
1435 1017 1466 1048 in
1499 1028 1562 1059 qua
1594 1020 1686 1059 parte
1718 1017 1832 1059 dignus

180 1066 273 1097 heres
291 1067 480 1105 existerem,
505 1066 531 1097 si
548 1067 737 1098 auctoribus
762 1067 843 1098 meis
868 1068 970 1109 impar
994 1069 1025 1099 in
1049 1071 1138 1100 tanta
1161 1069 1265 1110 gloria
1289 1069 1468 1111 reperirer?
1507 1080 1570 1101 non
1596 1081 1654 1100 nos
1678 1071 1832 1101 maiorum

180 1121 377 1160 purpuratus
401 1121 527 1149 tantum
552 1117 630 1149 ordo
655 1119 820 1155 clarificat,
851 1130 914 1150 non
940 1120 984 1151 sic
1010 1121 1099 1162 regia
1123 1121 1204 1152 sella
1229 1120 1382 1152 sublimat
1403 1124 1558 1163 qnantum
1583 1122 1677 1163 longe
1703 1122 1832 1163 lateque

180 1172 296 1211 patens
321 1170 426 1211 gratia
451 1173 560 1201 vestra
583 1170 746 1201 nobilitat.
793 1171 901 1202 onmia
925 1172 1010 1203 enim
1040 1183 1140 1214 regno
1171 1176 1281 1203 nostro
1311 1174 1453 1214 perfecte
1483 1176 1632 1204 constare
1663 1173 1832 1213 credimus,

180 1222 206 1252 si
231 1222 314 1252 hanc
338 1221 431 1252 nobis
456 1221 587 1253 minime
613 1221 727 1253 deesse
752 1223 919 1254 sentimus.
960 1224 1025 1255 Sed
1050 1228 1084 1255 ut
1107 1225 1223 1266 pietati
1248 1228 1375 1256 vestrae
1400 1225 1607 1266 praeconiale
1631 1228 1680 1256 cst
1696 1225 1833 1265 diligere

178 1283 313 1314 quorum
337 1276 447 1314 patres
473 1274 610 1315 contigit
633 1285 691 1305 vos
716 1285 844 1306 amasse
870 1294 909 1297 ᾔ
934 1287 1028 1307 nemo
1054 1277 1139 1307 enim
1165 1276 1306 1308 creditur
1330 1277 1528 1318 impendisse
1554 1276 1719 1308 veteribus
1744 1278 1832 1319 puri-

179 1328 280 1356 tatem
304 1325 486 1364 innoeuam,
511 1326 574 1357 nisi
599 1326 653 1367 qui
678 1337 789 1357 eorum
815 1327 946 1368 stirpem
972 1327 1092 1359 habere
1117 1329 1273 1370 probatur
1297 1332 1466 1370 acceptam
1488 1347 1529 1350 ——
1547 1329 1738 1359 claudantur
1761 1328 1833 1359 odia

179 1388 251 1408 cum
284 1377 437 1419 sepultis:
477 1377 525 1408 ira
556 1378 662 1419 perire
696 1379 822 1409 noverit
855 1390 926 1410 cnm
960 1380 1134 1421 protervis:
1171 1381 1275 1422 gratia
1306 1391 1369 1411 non
1403 1380 1501 1412 debet
1533 1381 1726 1412 occumbere
1761 1392 1832 1411 cum

178 1428 318 1460 dilectis:
345 1429 402 1461 sed
427 1430 530 1471 magis
556 1430 767 1461 affectuosius
793 1431 980 1462 tractandus
1006 1435 1065 1469 est‚
1091 1433 1145 1473 qui
1170 1432 1210 1463 ad
1235 1433 1327 1474 regni
1352 1443 1468 1463 causas
1486 1432 1642 1463 innocens
1660 1433 1832 1464 invenitur.

178 1480 379 1522 Perpendite
405 1481 480 1523 quid
505 1492 524 1512 a
549 1481 639 1513 vobis
670 1485 833 1513 mercatur
864 1494 1034 1514 successor
1062 1484 1230 1515 bonorum.
1278 1496 1333 1515 vos
1364 1495 1459 1516 avum
1489 1488 1633 1515 nostrum
1664 1485 1695 1515 in
1726 1488 1834 1516 vestra

177 1532 309 1564 civitate
339 1533 436 1565 celsis
467 1533 635 1564 curulibus
668 1534 847 1571 extulistis,
879 1545 936 1565 vos
966 1535 1148 1576 genitorem
1177 1547 1285 1567 meum
1316 1537 1347 1567 in
1370 1536 1468 1567 Italia
1496 1536 1660 1578 palmatae
1685 1537 1832 1567 claritate

177 1584 369 1616 decorastis.
417 1584 580 1616 desiderio
606 1596 732 1627 quoque
762 1586 955 1618 concordiae
984 1588 1088 1618 sactus
1119 1592 1169 1619 est
1198 1599 1256 1630 per
1284 1600 1374 1620 arma
1404 1589 1504 1627 filius7
1536 1589 1589 1630 qui
1618 1589 1710 1620 annis
1740 1590 1832 1621 vobis

177 1646 281 1677 paene
300 1636 471 1668 videbatur
487 1648 683 1678 aequaevus.
723 1638 784 1669 hoc
802 1649 919 1669 nomen
940 1639 1143 1670 adulescenti
1169 1641 1399 1681 congruentius
1425 1641 1553 1675 dabitis,
1579 1641 1688 1682 qualia
1711 1642 1828 1672 nostris

179 1688 364 1719 senioribus
389 1688 608 1730 praestitistis.
655 1690 686 1720 in
712 1691 901 1731 parentelae
928 1691 1032 1721 locum
1056 1695 1166 1722 vester
1190 1692 1252 1722 iam
1283 1693 1420 1724 transire
1450 1692 1548 1724 debet
1578 1693 1727 1724 affectus:
1758 1704 1831 1724 nam

177 1751 219 1771 ex
254 1741 320 1771 filio
352 1744 462 1772 vestro
498 1742 628 1782 genitus
664 1746 798 1773 naturae
834 1743 962 1783 legibus
992 1743 1084 1773 vobis
1116 1754 1178 1774 non
1210 1744 1349 1775 habetur
1379 1748 1568 1775 extraneus.
1620 1744 1727 1786 Atque
1758 1745 1830 1776 ideo

177 1803 291 1834 pacem
320 1803 383 1824 non
414 1793 627 1835 longinquus⁷
659 1793 716 1824 sed
747 1795 913 1835 proximus
942 1798 1030 1836 peto,
1062 1796 1137 1835 quia
1166 1799 1242 1826 tune
1266 1796 1343 1826 mihi
1368 1796 1504 1827 dedistis
1529 1797 1667 1837 gratiam
1691 1798 1830 1838 nepotis,

176 1844 303 1885 quando
321 1855 391 1876 meo
408 1845 535 1886 parenti
555 1845 738 1887 adoptionis
756 1846 875 1887 gaudia
893 1847 1110 1888 praestitistis.
1148 1847 1391 1879 introducamur
1413 1851 1445 1879 et
1469 1848 1500 1878 in
1518 1851 1659 1879 vestram
1678 1852 1828 1885 mentenn

178 1896 232 1937 qui
261 1896 369 1938 adepti
401 1907 512 1927 sumus
542 1897 664 1938 regiam
694 1897 920 1928 hereditatem.
970 1897 1050 1928 illud
1083 1898 1159 1928 mihi
1190 1903 1240 1930 est
1275 1910 1372 1940 supra
1404 1899 1604 1930 dominatum
1636 1903 1760 1931 tantum
1793 1911 1830 1931 ac
1850 1908 1860 1926 2

177 1949 275 1979 talem
300 1952 458 1980 rectorem
483 1949 605 1980 habere
630 1950 814 1991 propitium.
857 1949 1033 1991 primordia
1057 1950 1167 1991 itaque
1192 1954 1301 1982 nostra
1326 1951 1446 1982 solacia
1472 1955 1657 1983 mereantur
1677 1952 1831 1994 principis

284 2071 308 2095 B
314 2070 458 2102 TZNM(C)
463 2070 659 2104 1<E(J‹*)H(GJ)

279 2148 295 2172 2
314 2148 422 2181 possem]
439 2148 626 2179 JIKEIJ'IWA,
645 2149 737 2181 possim
757 2147 925 2175 TZNIIGIv,
945 2156 1047 2179 pessum
1062 2148 1085 2171 L·
1151 2149 1298 2181 reprehendi
1318 2154 1377 2174 ‹tnlc
1396 2158 1494 2181 possem
1510 2150 1562 2174 EF
1627 2150 1830 2181 clementissime]

176 2199 215 2214 me
229 2190 269 2214 Νι
368 2191 384 2215 3
404 2192 499 2224 trepide
514 2191 581 2215 HG‘-
652 2196 736 2223 patres·
751 2191 773 2214 sl
845 2189 952 2222 constet]
972 2199 992 2215 c.
1013 2199 1068 2215 esse
1082 2191 1114 2215 H
1178 2192 1279 2224 dignius
1295 2192 1319 2215 Τ
1413 2191 1429 2216 4
1449 2193 1619 2225 reperii-erunt
1634 2194 1657 2217 T
1719 2203 1764 2218 uos
1780 2194 1830 2218 NA

176 2233 192 2258 5
211 2238 310 2258 tantum
330 2239 351 2258 el
371 2243 428 2259 meat
447 2239 572 2266 quantum
592 2254 597 2259 ,
611 2254 615 2258 .
628 2254 632 2258 .
645 2254 651 2259 .
671 2234 786 2258 nobilitat
805 2242 852 2257 vm.
868 2233 892 2256 T
985 2233 1000 2258 6
1019 2233 1118 2267 patens]
1134 2235 1232 2266 scripsi,
1252 2239 1339 2267 petens
1353 2236 1412 2259 libri
1475 2235 1564 2268 gratia]
1584 2237 1666 2268 gloria
1681 2237 1710 2260 X
1769 2238 1830 2261 noli-

176 2281 214 2301 tat
229 2276 269 2300 K¹
327 2286 404 2309 regne
425 2276 520 2309 nostro]
542 2287 620 2310 regno
641 2278 699 2307 (om.
721 2277 816 2302 nestro)
831 2276 882 2307 Fa,
902 2280 987 2301 nestro
1006 2286 1025 2301 r.
1039 2277 1066 2300 E
1161 2276 1175 2301 7
1195 2278 1246 2302 han
1261 2278 1300 2301 l›'¹
1360 2284 1423 2303 sent.
1443 2279 1529 2304 deesse
1544 2279 1583 2304 E¹
1649 2279 1686 2312 ut]
1707 2285 1731 2304 et
1746 2280 1831 2304 TZ²A

176 2319 192 2344 8
211 2320 336 2352 contingit
353 2320 377 2343 Τ
443 2329 516 2345 nemo
536 2320 613 2353 enim]
634 2329 706 2345 neme
726 2320 763 2349 M,
787 2320 824 2343 sie
843 2328 916 2344 nemo
935 2329 1022 2344 eornm
1043 2320 1075 2347 (e.
1095 2329 1119 2344 ιι.
1134 2320 1174 2347 N.
1195 2320 1241 2344 NI
1343 2320 1359 2344 9
1379 2322 1526 2346 innoeiuam
1546 2322 1568 2346 T
1634 2323 1691 2347 hab.
1712 2324 1832 2355 probatur

178 2363 330 2395 (probantur
344 2363 420 2395 ΚΕΗ
440 2365 510 2396 prob.
531 2364 590 2388 hab.
605 2364 678 2388 IIGI
736 2367 868 2395 acceptum
885 2363 907 2386 T
1005 2363 1036 2387 10
1054 2363 1122 2395 eum]
1143 2364 1202 2388 dum
1221 2364 1245 2387 K
1308 2365 1431 2396 sepulcris
1451 2365 1486 2389 ita
1501 2365 1525 2388 T
1585 2367 1727 2397 propteruis
1740 2367 1831 2390 Balla

229 2405 388 2439 occumbere]
409 2408 533 2432 occubere
552 2407 578 2438 T,
597 2407 679 2432 occuli
693 2406 734 2431 E¹
842 2405 870 2430 ll
893 2407 1048 2431 affectiosius
1062 2406 1112 2431 BZ
1179 2408 1239 2439 qni*
1256 2407 1279 2431 B
1385 2407 1416 2431 12
1435 2412 1559 2433 mereator
1578 2409 1601 2432 T
1665 2409 1752 2442 auum]
1772 2414 1830 2434 ante

176 2453 234 2474 ante
259 2457 337 2474 auum
360 2449 412 2481 ΗΖ,
443 2454 529 2475 autem
552 2459 632 2475 auum
653 2452 674 2473 (ι’
785 2448 908 2481 nostrum]
935 2454 1022 2474 nostra
1040 2449 1067 2473 E
1205 2450 1236 2474 13
1261 2451 1398 2475 eun-ilibus
1418 2451 1451 2482 K,
1483 2452 1606 2476 eurilibus
1626 2452 1671 2476 JI¹
1779 2453 1830 2485 pal-

176 2496 245 2517 mata
265 2492 387 2517 ZFJIGI
524 2493 555 2517 14
578 2494 622 2525 qui
648 2492 730 2525 aunis]
756 2492 834 2523 TEF,
863 2493 922 2524 qnia
948 2493 1006 2517 unis
1025 2493 1183 2524 BZM¹J=21,
1216 2494 1259 2526 qui
1286 2495 1344 2518 unis
1364 2494 1397 2523 X,
1424 2495 1485 2527 quia
1510 2504 1578 2520 nnus
1597 2495 1653 2526 1¹12,
1686 2496 1729 2527 qui
1754 2496 1832 2525 Ho'l,

177 2536 295 2568 quamuis
310 2535 363 2560 C'w'.
383 2544 394 2560 e
413 2536 478 2560 cuni.
555 2537 628 2561 uobis
649 2536 732 2567 (nobis
752 2536 786 2563 A)
807 2544 830 2567 p.
850 2535 912 2568 uid]
933 2536 991 2561 uoh.
1012 2536 1063 2561 uid.
1082 2545 1106 2568 p.
1126 2536 1158 2567 B,
1183 2546 1205 2569 p.
1226 2537 1277 2561 uid.
1297 2537 1355 2562 neb.
1374 2537 1428 2561 EF
1534 2538 1565 2563 15
1584 2539 1681 2570 equalis
1701 2539 1724 2562 T
1789 2540 1830 2563 ad.

178 2579 360 2611 congruentius
381 2580 543 2611 (congruenti
566 2580 614 2610 Ga,
639 2587 782 2611 congruens
805 2578 856 2609 (ν’ὓ,
881 2580 1045 2611 congruentis
1066 2579 1134 2604 Ilm
1144 2580 1161 2610 ²,
1185 2581 1380 2605 conuenientius
1400 2580 1440 2613 Il]
1467 2590 1551 2613 congr.
1572 2582 1610 2606 ad.
1630 2582 1653 2605 T
1735 2581 1829 2614 qualia]

176 2623 219 2655 qui
239 2623 300 2647 talia
318 2622 366 2652 TO,
395 2623 456 2655 qni*
475 2623 538 2648 talia
557 2623 589 2653 F,
613 2623 686 2655 quale
708 2623 751 2647 (r'I
882 2621 912 2646 16
931 2622 1083 2655 senioribus]
1110 2632 1136 2647 se
1161 2624 1274 2648 moribus
1292 2624 1315 2647 T
1406 2623 1507 2656 praest]
1534 2625 1664 2649 exstitistis
1684 2625 1729 2655 Ta,
1758 2634 1828 2657 prae>

177 2666 241 2690 stitis·
258 2666 303 2690 II³¹
361 2665 455 2698 uester]
470 2666 574 2696 BIIGI,
593 2670 678 2690 noster
691 2665 860 2695 ZXMKFII,
880 2670 965 2690 nostro
979 2666 1011 2696 E,
1030 2671 1144 2691 nostrum
1162 2667 1205 2691 TA
1264 2668 1384 2693 transisse
1399 2668 1450 2692 lla
1546 2668 1575 2693 l'I
1593 2667 1634 2700 ex]
1654 2673 1677 2693 et
1692 2669 1830 2692 JJTIIGIP

229 2708 323 2741 uestro]
348 2713 432 2734 nostro
452 2709 474 2733 T
545 2710 617 2734 nobis
636 2710 690 2734 HG
802 2709 832 2733 18
857 2707 926 2741 pete]
954 2709 1000 2733 deo
1023 2714 1080 2741 peto
1098 2710 1143 2734 Ha
1224 2720 1293 2735 nune
1314 2711 1341 2734 K
1416 2712 1470 2735 ded.
1494 2712 1553 2735 mih.
1576 2711 1605 2735 X
1712 2711 1741 2735 19
1765 2711 1829 2743 meo}

181 2753 254 2777 modo
270 2752 294 2776 T
364 2751 472 2785 gaudia]
491 2753 576 2785 gratia
594 2752 637 2777 Ea
713 2750 787 2783 intro]
808 2752 877 2776 intus
900 2751 924 2775 T
994 2757 1017 2776 et
1037 2762 1084 2777 om.
1100 2754 1171 2778 IIGI
1279 2754 1314 2778 20
1332 2754 1442 2786 adempti
1461 2754 1485 2778 T
1555 2753 1729 2786 hereditatem]
1750 2755 1830 2786 digni-

178 2801 256 2822 tatem
275 2797 346 2821 E²F
415 2797 476 2821 mihi
496 2796 542 2829 est]
563 2797 625 2822 mihi
643 2797 670 2828 T,
693 2802 729 2821 est
749 2797 810 2820 mihi
829 2796 853 2820 A
929 2795 968 2829 ac]
988 2801 1013 2821 et
1031 2797 1104 2822 He'l
1206 2797 1238 2822 21
1258 2797 1400 2830 propotium
1420 2797 1466 2821 Ila
1535 2798 1614 2829 princ.
1634 2797 1701 2829 long.
1721 2798 1777 2821 hab.
1799 2798 1830 2827 A,

179 2841 238 2864 hab.
258 2849 294 2872 pr.
315 2841 382 2872 long.
404 2839 480 2864 HGI

1854 1389 1876 1406 ll)

1850 1649 1872 1667 15

1896 1228 1914 1256 Ιὺ

1896 1487 1913 1515 3
