2279 3261
369 1049 387 1077 [Φ

372 1721 390 1749 αἱ

453 173 512 201 116
1168 167 1378 193 CASSIODORI

448 267 506 298 pro
535 260 566 286 te
594 256 699 286 factus
730 258 781 285 est
809 265 891 285 unus
920 254 1045 285 animus
1069 264 1111 286 ex
1135 265 1253 296 magna
1276 254 1464 285 diversitate
1490 254 1642 287 sociatus.
1688 265 1802 297 carpes
1827 257 1915 285 certe
1938 253 2093 295 probatae

446 307 659 338 institutionis
676 306 896 348 gratissimum
913 306 1062 346 fructum,
1087 306 1214 348 quando
1231 308 1404 348 provectus
1421 309 1495 337 tuus
1511 307 1556 337 ita
1572 306 1679 347 potuit
1696 317 1808 337 omnes
1824 306 1927 337 laetos
1952 305 2093 344 efficere,

447 363 483 390 ut
505 359 647 390 universi
671 359 704 389 in
728 362 758 389 te
783 358 927 389 iudicent
944 368 1003 388 sua
1019 358 1181 389 desideria
1197 358 1388 399 profecisse.
1427 361 1518 388 tuere
1536 358 1632 398 igitur
1649 357 1731 388 hanc
1747 358 1903 388 virtutum
1920 356 2093 388 amabilem

447 411 713 453 praeclaramque
745 410 960 441 constantiam
989 413 1186 451 nostraeque
1218 409 1331 440 domus
1368 409 1562 440 auctoritate
1598 409 1758 439 subnixus
1793 412 1882 439 tanto
1918 408 2093 439 studiosius

418 470 428 487 2'·
449 463 585 504 gratiam
614 473 750 504 quaere,
781 465 936 504 quantum
964 464 996 492 te
1025 462 1130 492 locum
1160 461 1326 492 beneficiis
1351 460 1484 502 respicis
1508 460 1686 491 invenisse.
1720 459 1817 491 tende
1848 460 1956 501 itaque
1988 459 2093 490 adhuc

408 951 432 968 10

408 1468 433 1486 ⁸20

413 1987 437 2005 30

449 514 542 545 bonis
566 514 693 545 actibus
717 517 790 545 tuos
815 514 856 544 ad
880 514 1007 555 potiora
1032 523 1215 552 successus,
1242 513 1348 543 sciens
1372 512 1509 553 gratiam
1533 515 1675 542 nostram
1699 512 1731 542 in
1752 512 1808 542 illo
1826 522 1955 553 semper
1972 511 2094 552 augeri,

449 566 502 607 qui
527 576 561 597 se
584 565 718 607 dignum
743 565 862 608 adepto
886 565 1015 597 culmini
1040 564 1205 596 desiderat
1229 564 1374 595 inveniri.

1232 751 1313 783 IIII.

769 821 965 853 SENATUI
990 820 1124 852 URBIS
1150 821 1305 853 ROMAE
1331 820 1651 852 THEODERIGUS
1675 821 1778 853 REX.
1794 838 2097 878 a.509anteSept.1

555 891 741 922 Gloriosum
766 890 895 931 quidem
920 890 1013 920 nobis
1038 893 1102 928 est,
1136 893 1243 931 patres
1269 890 1455 931 conscripti,
1486 890 1626 921 honores
1656 891 1778 932 passim
1808 891 2010 932 impendere,
2041 890 2098 921 sed

451 943 646 974 laudabilius
670 942 753 973 bene
778 942 901 972 meritis
925 941 1022 982 digna
1045 945 1220 983 praestare.
1266 941 1415 983 quicquid
1434 942 1518 972 enim
1535 942 1655 973 talibus
1672 942 1854 979 tribuimus,
1879 953 1936 984 pro
1954 942 2098 984 generali

449 995 555 1036 potius
586 994 726 1025 utilitate
758 993 921 1034 largimur.
968 994 1091 1024 eunctis
1124 993 1282 1035 siquidem
1314 993 1439 1035 proficit
1469 994 1549 1024 recti
1580 997 1679 1024 tenax
1710 997 1884 1036 provectus
1914 1004 1974 1025 nec
2007 994 2098 1025 locus

450 1047 643 1088 relinquitur
674 1046 823 1083 iniuriae,
856 1056 928 1075 cum
960 1045 1001 1076 ad
1025 1045 1125 1076 bonos
1149 1045 1298 1086 pervenit
1321 1045 1434 1086 regula
1458 1045 1660 1086 disciplinae.
1705 1045 1777 1076 Hoc
1801 1046 1908 1087 itaque
1933 1046 2098 1088 praeclaro

452 1098 612 1130 desiderio
644 1098 802 1128 illustrem
832 1097 935 1127 virum
973 1096 1141 1128 Senarium
1176 1098 1343 1128 comitivae
1381 1097 1564 1138 patrimonii
1597 1096 1754 1138 dignitate
1786 1098 2011 1137 subveximus,
2045 1097 2100 1139 qui

451 1150 635 1181 venalitatis
659 1149 796 1180 obscura
821 1149 921 1179 animi
946 1148 1092 1180 claritate
1116 1149 1270 1190 refugiat,
1299 1149 1352 1190 qui
1377 1149 1537 1179 calumnia
1561 1159 1624 1179 non
1648 1149 1797 1185 laetetur,
1827 1160 1887 1180 nec
1916 1149 2099 1190 patrimonii

421 1211 431 1227 5
451 1202 643 1233 auctoritate
670 1201 819 1232 suffultus
845 1200 884 1231 dc
909 1204 1019 1231 nostro
1045 1201 1105 1231 sibi
1129 1201 1227 1231 faciat
1250 1205 1372 1232 terrore
1391 1200 1627 1242 compendium,
1652 1200 1708 1231 sed
1733 1201 1781 1232 ius
1806 1201 1978 1242 aequabile
1996 1201 2100 1242 possit

452 1258 563 1285 tenere
593 1263 664 1284 eum
696 1252 830 1287 ceteris,
861 1252 946 1282 unde
977 1252 1069 1283 nobis
1101 1253 1231 1294 placere
1257 1253 1388 1294 respicit
1412 1253 1601 1283 servientes.
1648 1252 1728 1284 haec
1753 1252 1792 1283 de
1817 1253 1871 1283 illo
1895 1252 2002 1283 futura
2025 1263 2099 1294 pro-

450 1306 578 1336 mittere
603 1305 851 1346 praeteritcrum
875 1304 952 1334 facit
975 1308 1157 1346 temporum
1182 1304 1271 1335 fides.
1312 1305 1349 1335 In
1374 1305 1442 1346 ipso
1467 1305 1586 1346 quippe
1611 1304 1855 1335 adulescentiae
1880 1305 1958 1335 flore
1980 1305 2102 1345 palatia

452 1360 561 1388 nostra
583 1356 707 1388 meritis
732 1359 878 1386 maturus
903 1356 1035 1386 intravit
1059 1359 1100 1391 et,
1126 1356 1209 1397 quod
1233 1356 1383 1387 robustas
1402 1366 1529 1397 quoque
1547 1356 1662 1397 fatigat
1679 1359 1815 1395 aetates,
1840 1356 1927 1387 nullo
1944 1356 2101 1398 deceptus

452 1409 603 1440 novitatis
621 1418 728 1439 errore
746 1407 785 1438 ad
803 1407 991 1449 imperantis
1010 1418 1186 1439 conversus
1205 1408 1372 1438 arbitrium
1391 1408 1543 1438 effectum
1557 1407 1711 1438 bonarum
1730 1408 1894 1449 praestitit
1910 1408 2100 1444 iussionum,

452 1471 536 1492 nunc
561 1460 601 1491 ad
627 1460 791 1501 colloquia
814 1459 940 1500 dignus,
965 1470 1049 1490 nunc
1067 1459 1107 1490 ad
1125 1460 1337 1501 exceptiones
1355 1459 1553 1501 aptissimus,
1578 1460 1766 1500 frequenter
1783 1460 1881 1490 etiam
1898 1459 1930 1490 in
1946 1459 2102 1490 honorem

452 1512 625 1554 legationis
650 1512 785 1549 electus,
812 1511 901 1542 cuius
925 1511 1097 1552 multiplex
1122 1512 1273 1542 meritum
1299 1512 1457 1542 incertum
1482 1511 1566 1553 apud
1592 1522 1650 1542 nos
1675 1511 1831 1543 reddebat
1848 1512 2000 1543 officium.
2039 1522 2101 1543 non

452 1565 538 1595 enim
562 1564 655 1594 unius
680 1563 740 1593 loci
765 1563 814 1593 vir
837 1562 936 1593 debet
961 1563 1032 1599 dici,
1057 1574 1076 1593 a
1100 1574 1161 1604 quo
1186 1563 1289 1594 multa
1306 1563 1455 1594 videntur
1480 1563 1616 1604 impleri.
1657 1563 1722 1594 Sed
1746 1563 1826 1594 haec
1851 1564 1989 1605 amplius
2015 1574 2101 1594 com-

452 1615 627 1647 mendabat
651 1615 827 1649 humilitas,
853 1625 935 1656 quae
961 1618 1026 1645 tam
1052 1615 1139 1646 clara
1163 1625 1258 1656 quam
1284 1626 1355 1645 rara
1379 1618 1439 1646 est.
1479 1626 1594 1646 novum
1620 1619 1670 1646 est
1694 1616 1778 1646 enim
1804 1615 1863 1646 sub
1888 1626 1997 1646 amore
2014 1616 2103 1657 prin-

453 1668 534 1709 cipis
559 1666 721 1698 custodire
746 1666 952 1700 modestiam,
983 1666 1057 1707 quia
1081 1666 1201 1707 gaudia
1232 1677 1362 1708 semper
1391 1667 1513 1697 animos
1544 1667 1738 1708 inquietant:
1770 1667 1885 1698 modus
1916 1667 2001 1698 enim
2031 1677 2103 1697 raro

411 1725 421 1743 2
453 1719 547 1750 laetis
576 1719 672 1750 rebus
696 1718 880 1760 imponitur,
913 1718 965 1759 qui
996 1718 1099 1759 magis
1128 1719 1159 1748 in
1188 1718 1335 1749 tristibus
1364 1718 1535 1749 invenitur.
1575 1718 1696 1749 Verum
1728 1719 1812 1750 inter
1840 1719 1920 1750 haec
1945 1718 2105 1760 stupenda

452 1771 641 1802 meritorum
667 1770 798 1811 originis
823 1780 951 1811 quoquc
977 1769 1073 1800 simili
1100 1770 1248 1801 claritate
1274 1770 1470 1811 resplendet,
1495 1774 1531 1800 ut
1554 1770 1703 1807 haereas,
1732 1780 1794 1811 qua
1818 1774 1909 1811 parte
1935 1770 1975 1800 sit
1999 1769 2105 1809 ditior,

454 1833 526 1853 cum
552 1822 715 1864 copiosius
740 1825 877 1863 utraque
904 1821 1078 1862 possideat.
1118 1821 1240 1853 habent
1264 1832 1339 1862 ergo
1357 1821 1544 1862 singulatim
1562 1822 1731 1853 distributa
1748 1822 1966 1863 praeconium,
1991 1822 2102 1852 iuncta

454 1878 655 1909 miraculum.
691 1878 899 1917 quapropter,
924 1878 1034 1916 patres
1058 1875 1243 1916 conscripti,
1268 1876 1419 1915 assurgat
1435 1874 1607 1916 primaevis
1630 1873 1869 1904 introeuntibus
1893 1883 1973 1904 cana
1989 1873 2103 1904 Liber-

455 1932 514 1960 tas.
561 1928 641 1959 nihil
671 1927 711 1958 de
743 1927 838 1969 genio
868 1930 973 1957 vestro
1006 1926 1216 1965 subtrahitur,
1248 1926 1375 1967 quando
1404 1926 1602 1957 venientium
1635 1925 1760 1956 novitas
1791 1925 2024 1956 honorabiliter
2054 1925 2103 1955 in-

455 1981 584 2012 vitatur.
630 1983 783 2022 parentes
808 1979 929 2020 publici
953 1979 993 2010 de
1019 1979 1192 2010 clementia
1216 1978 1383 2016 nominati,
1408 1977 1531 2019 duplex
1555 1987 1612 2008 vos
1636 1977 1719 2008 ratio
1738 1977 1945 2018 benignitatis
1974 1976 2103 2007 invitet:

456 2032 614 2074 incipiens
639 2034 801 2062 mereatur
825 2031 974 2072 gratiam,
999 2034 1170 2072 provectus
1194 2030 1350 2061 favorem.

559 2170 581 2194 I.
586 2170 691 2194 HKPM
695 2169 868 2201 ‹J›N(X›E(Iv')

559 2257 575 2281 2
599 2255 685 2288 laetos]
710 2257 806 2288 legatos
821 2257 843 2280 Ο
913 2256 928 2281 6
952 2257 1001 2280 tuis
1016 2256 1096 2280 XElv'
1128 2256 1225 2288 potiora
1245 2264 1377 2280 successus
1397 2253 1488 2286 sciens]
1508 2255 1616 2286 potiores
1639 2253 1775 2286 (porciores
1791 2250 1823 2283 Ο)
1844 2260 1919 2277 uoces
1939 2251 2019 2283 (uices
2038 2252 2105 2283 EF)

457 2300 597 2332 suscipiens
612 2299 774 2323 JIONXEI'
862 2299 876 2323 7
896 2300 990 2323 cumini
1004 2298 1033 2330 (⁷),
1053 2300 1163 2323 culmine
1176 2299 1203 2323 E
1294 2297 1326 2322 10
1345 2296 1417 2329 bene]
1438 2298 1505 2321 bona
1519 2297 1559 2321 E¹
1654 2297 1683 2321 11
1704 2294 1791 2327 tenax]
1812 2295 1926 2319 ueraxP
2018 2294 2050 2319 1²2
2070 2297 2106 2319 in-

458 2344 540 2367 iuria
551 2356 574 2367 1*
589 2343 626 2368 L¹
729 2341 760 2366 13
778 2343 933 2366 senatorium
949 2342 1015 2366 ΧΕ1
1118 2341 1150 2366 14
1169 2343 1269 2374 refigiat
1282 2341 1316 2371 Is,
1334 2342 1461 2373 refulgeat
1473 2339 1495 2363 Ο
1598 2340 1630 2365 15
1648 2345 1705 2365 terr.
1726 2341 1773 2364 sac.
1788 2339 1815 2363 Ε
1913 2339 1945 2364 16
1964 2342 2048 2363 tenere
2065 2358 2070 2363 .
2083 2358 2088 2364 .
2101 2359 2106 2363 .

458 2387 558 2418 placere
576 2384 643 2410 bisO
696 2384 774 2417 unde]
793 2389 816 2409 et
836 2386 892 2409 inde
909 2386 990 2409 altero
1009 2386 1062 2409 loco
1073 2383 1094 2409 O
1148 2385 1213 2417 plac.
1230 2385 1287 2409 nob.
1307 2393 1370 2416 resp.
1382 2384 1412 2411 P,
1431 2384 1488 2408 111111.
1503 2391 1567 2415 resp.
1580 2383 1645 2415 plac.
1656 2382 1685 2406 Κ
1771 2381 1801 2406 17
1816 2383 1865 2406 fae.
1882 2386 1958 2414 praet.
1970 2381 2108 2405 MONXE

460 2429 492 2454 18
510 2428 614 2461 meritis]
636 2429 727 2453 mentis
746 2428 787 2451 ff
875 2427 953 2459 qnod]
974 2428 1079 2452 condam
1099 2428 1139 2451 Ε1
1262 2427 1296 2452 20
1314 2426 1398 2459 etiam]
1418 2431 1443 2451 ct
1462 2427 1525 2450 ΕΑΒ
1613 2426 1662 2458 leg.
1681 2426 1739 2450 hon.
1760 2426 1797 2449 Ae
1919 2423 1952 2449 ‘21
1972 2423 2105 2457 incertum]

458 2477 587 2497 *sscertum
606 2472 656 2495 ill-²
760 2470 793 2495 ‘22
812 2469 897 2501 unius]
918 2480 985 2495 unus
998 2471 1039 2495 E¹
1110 2471 1159 2495 hec
1172 2470 1212 2494 Ε1
1318 2469 1351 2494 23
1370 2469 1508 2502 humilitas]
1529 2470 1656 2494 *tmlitas
1672 2469 1722 2500 K¹‚
1743 2469 1886 2493 humanitas
1903 2466 1952 2499 0³,
1971 2468 2068 2492 utilitas
2082 2468 2107 2492 A

510 2513 572 2547 tam]
593 2518 693 2538 tantum
713 2513 742 2537 M
747 2513 875 2537 OXXEIJ*
979 2513 1012 2538 ‘24
1031 2514 1215 2538 modestes-tiam
1229 2514 1254 2537 P
1324 2514 1419 2545 gaudia
1438 2513 1541 2538 0711.Ε1
1610 2513 1699 2537 modus
1718 2512 1785 2536 enim
1803 2519 1859 2536 raro
1878 2511 1949 2535 laetis
1968 2511 2043 2535 rebus
2062 2511 2106 2534 im-

459 2559 560 2590 ponitur
573 2566 596 2588 q.
610 2566 642 2581 111.
656 2557 681 2580 111
694 2560 723 2580 tr.
738 2555 876 2588 inuenitur]
898 2557 986 2581 modus
1006 2557 1072 2580 enim
1091 2565 1147 2581 raro
1168 2561 1251 2586 [rarus
1266 2556 1305 2585 N)
1324 2556 1340 2580 Ι.
1355 2565 1373 2581 r.
1393 2557 1530 2580 interuenit
1545 2555 1604 2586 (orm.
1618 2555 1717 2587 mediis)
1731 2554 1904 2581 MOXXEF,·
1921 2554 2010 2577 modns
2030 2554 2106 2577 etiam

460 2609 516 2625 raro
536 2600 673 2624 interuenit
690 2599 795 2631 garrula
813 2608 852 2623 res
871 2604 909 2623 est
927 2600 1022 2623 laetitia
1042 2608 1088 2624 nee
1107 2600 1174 2624 enim
1193 2607 1253 2631 prae
1271 2599 1366 2631 gaudio
1383 2603 1464 2631 potest
1479 2599 1582 2631 spiritus
1595 2598 1717 2623 contineri
1731 2597 1838 2627 (omissis
1850 2597 1930 2621 verbis
1943 2597 1999 2621 laet.
2015 2605 2033 2620 r.
2047 2597 2106 2628 imp.

459 2654 482 2676 q.
502 2653 534 2668 111.
554 2645 580 2668 111
599 2644 724 2669 tristibus)
748 2651 778 2667 6-1
798 2651 842 2667 ms.
860 2643 1041 2667 pram-usticam
1059 2642 1201 2666 R1⁷·⁷ze=1·i11s
1305 2641 1338 2667 26
1362 2640 1476 2674 haereas]
1500 2642 1596 2666 habeas
1609 2641 1638 2665 K
1737 2639 1769 2664 27
1789 2638 1857 2672 ergo]
1878 2639 1956 2671 igitur
1968 2639 2000 2669 E,
2023 2648 2070 2663 om.
2083 2638 2113 2662 N

510 2685 668 2719 singulatim]
683 2686 739 2717 LP,
757 2686 905 2718 singillatim
919 2685 1089 2716 RKJIONX,
1107 2685 1238 2717 sigillatim
1252 2685 1299 2709 EA
1389 2684 1422 2709 28
1442 2689 1606 2717 quaspropter
1619 2684 1660 2708 E1
1749 2681 1782 2707 29
1801 2680 1968 2714 uenientium]
1989 2686 2013 2706 ct
2031 2691 2056 2706 u.
2068 2681 2107 2706 ΓΕ

459 2731 492 2757 30
510 2733 567 2757 ben.
587 2731 677 2755 inuitet
697 2730 799 2760 [inuitat
818 2727 860 2761 ffi]
881 2729 934 2754 inu.
953 2730 1012 2753 ben.
1030 2728 1073 2752 Na
