2279 3261
391 749 416 767 10

390 1268 414 1286 20

390 1525 413 1543 25

390 1783 415 1801 30

436 193 497 222 315
1152 183 1363 211 CAsstoni

436 280 522 307 tares
548 275 621 306 huic
648 274 834 315 specialiter
850 272 1005 314 passioni,
1030 271 1114 302 velle
1140 274 1171 301 te
1190 273 1344 312 expetere
1361 269 1545 310 postulasti.
1583 268 1779 299 desiderium
1798 271 1887 298 tuum
1909 267 2077 298 remediali

434 327 575 358 iussione
601 336 764 359 sanamus,
788 328 824 354 ut
849 323 1047 365 sospitatem,
1073 333 1167 364 quam
1185 322 1300 353 merito
1324 321 1354 351 in
1380 324 1410 351 te
1431 321 1625 361 quaerimus,
1650 320 1799 350 iussionis
1816 319 1973 350 beneficio
1993 330 2077 349 com-

434 379 590 420 pleamus.
636 377 733 407 Absit
756 376 856 414 enim,
888 378 923 405 ut
953 374 1236 405 bellicosissimum
1261 373 1363 403 virum
1392 372 1536 413 tyrannis
1561 372 1771 412 gravissimae
1801 371 1995 402 calamitatis
2020 382 2078 402 ex-

436 433 554 467 armet,
606 439 688 470 quae
720 428 799 458 miro
828 427 922 458 modo
954 426 1100 457 membra
1130 426 1268 456 virentia
1298 425 1457 455 infusione
1486 423 1631 465 poenalis
1660 423 1780 454 umoris
1819 423 1904 464 cogit
1933 433 2078 454 arescere

434 481 599 522 nodosque
624 479 761 510 mobiles
786 479 891 520 replet
915 487 1093 508 marmoreo
1118 480 1244 508 tumore
1269 479 1464 507 crescentes.
1501 485 1573 505 culn
1597 474 1682 505 norit
1706 474 1769 505 alia
1794 477 1911 505 cuncta
1928 484 2077 513 vacuare7

434 534 603 563 iuncturae
620 532 702 572 petit
720 541 877 561 concavas
894 530 1037 567 lacunas,
1061 528 1113 558 ubi
1130 527 1267 569 palustri
1291 527 1429 557 statione
1447 527 1635 567 pigrescens
1653 536 1732 556 saxa
1747 525 1874 566 perficit
1897 525 1936 556 de
1953 525 2075 566 liquore

436 587 467 615 et
498 593 579 625 quae
611 582 650 613 ad
684 582 831 613 decorem
862 581 1045 612 inflexionis
1073 583 1188 610 natura
1218 580 1402 617 laxaverat,
1430 579 1462 609 in
1491 578 1710 619 turpissimum
1735 578 1874 618 rigorem
1903 578 2078 618 peregrina

436 635 598 665 soliditate
624 634 825 674 constringit.
871 632 963 664 Haec
987 632 1096 673 passio
1121 630 1310 661 insanabilis
1342 633 1374 661 et
1398 630 1518 660 sanitas
1543 628 1707 670 passibilis
1730 628 1811 669 ligat
1835 628 1970 666 solutos,
2001 640 2077 660 con-

436 686 535 717 trahit
559 685 647 716 vivos
683 688 715 715 et
745 684 935 715 decrescere
960 683 1037 714 facit
1068 692 1219 724 corpora,
1256 692 1337 723 quae
1368 681 1457 711 nulla
1482 684 1556 711 sunt
1582 679 1784 711 mutilatione
1809 682 1965 710 truncata.
2002 691 2078 711 con-

437 738 596 769 stantibus
632 737 784 768 membris
808 736 1011 778 proceritatis
1036 745 1189 766 mensura
1212 735 1295 775 perit
1326 737 1357 764 et
1381 733 1482 763 minor
1506 732 1661 770 cernitur,
1694 732 1745 762 cui
1778 731 1856 762 nihil
1888 730 2080 762 subductum

435 800 506 821 esse
539 789 685 820 sentitur.
733 787 966 819 subtrahuntur
995 786 1161 828 superstiti
1191 785 1372 816 ministeria
1399 784 1632 815 membrorum:
1662 793 1778 824 corpus
1803 783 1910 813 vivum
1941 786 1991 813 est
2020 793 2080 813 nec

433 845 580 872 movetur
606 844 638 871 et
662 841 745 871 inter
769 839 971 870 insensibilia
995 838 1162 869 redactum
1187 837 1249 868 iani
1275 847 1338 867 non
1362 835 1491 877 proprio
1516 838 1607 872 voto,
1644 834 1700 865 sed
1725 836 1814 864 motu
1837 834 1940 864 fertur
1963 833 2078 865 alieno.

434 893 515 923 haec
540 893 613 922 viva
629 902 714 922 mors
740 902 836 932 supra
854 890 961 921 onmia
977 892 1139 920 tormenta
1164 899 1243 919 sana
1261 888 1377 918 dicitur
1402 891 1434 918 et
1451 887 1565 918 melius
1582 886 1703 917 habere
1728 886 1840 923 fertur,
1865 886 1918 926 qui
1936 885 2080 916 evasisse

434 955 565 975 causam
594 943 675 974 tanti
699 943 835 984 periculi
867 953 930 972 non
956 941 1117 982 probatur.
1164 939 1348 970 Desederat
1378 938 1508 980 quidem
1542 937 1648 976 dolor7
1678 936 1733 967 sed
1765 936 1897 967 dimittit
1927 937 2079 977 reliquias

396 1008 405 1023 fÎ‡
434 996 584 1027 fortiores
610 998 651 1033 et,
676 1005 759 1025 novo
784 994 982 1025 infelicitatis
1008 993 1175 1034 exemplo7
1205 992 1314 1033 passio
1339 991 1465 1021 videtur
1490 989 1667 1020 abscedere
1697 992 1728 1019 et
1753 998 1850 1030 aeger
1874 998 1937 1018 non
1961 988 2081 1019 desinit

433 1051 613 1089 aegrotare.
661 1046 824 1088 appendia
847 1046 917 1087 ipsa
942 1045 1094 1076 cruciatis
1120 1043 1319 1075 debitoribus
1345 1041 1517 1083 aliquando
1544 1041 1728 1071 solvuntur:
1759 1040 1821 1070 ista
1845 1040 1931 1071 enim
1955 1039 2081 1070 vincula

434 1103 507 1130 sunt
536 1109 637 1140 quae,
680 1108 752 1128 cum
782 1097 883 1128 semel
912 1096 1082 1138 potuerint
1109 1095 1235 1136 illigare
1265 1097 1409 1135 captum,
1445 1093 1595 1124 nesciunt
1628 1092 1661 1122 in
1696 1094 1764 1122 tota
1794 1091 1861 1122 vita
1892 1091 2080 1122 dissolvere.

433 1151 576 1181 infelicia
604 1150 696 1190 signa
731 1149 883 1190 relinquit
907 1147 1088 1179 abscedens
1114 1150 1146 1177 et
1182 1156 1268 1177 more
1294 1145 1438 1186 gentium
1470 1144 1682 1175 barbararum
1722 1143 1902 1184 hospitium
1938 1143 2081 1184 corporis

433 1206 625 1243 occupatum
660 1201 725 1231 suis
750 1200 873 1230 indiciis
891 1200 1033 1230 violenta
1057 1197 1217 1235 defendit,
1249 1207 1288 1227 ne
1314 1197 1368 1227 ubi
1392 1196 1484 1227 ferox
1509 1196 1570 1226 ista
1595 1195 1702 1236 coepit
1727 1194 1918 1231 succedere,
1944 1194 2082 1225 adversa

434 1253 508 1284 illuc
537 1253 652 1283 iterum
684 1252 803 1282 sanitas
830 1251 947 1282 audeat
971 1250 1119 1281 fortassis
1144 1250 1273 1280 intrare.
1320 1248 1380 1279 hoc
1408 1248 1484 1278 licet
1508 1247 1656 1278 omnibus
1681 1246 1831 1277 videatur
1855 1257 1928 1277 esse
1953 1249 2080 1277 contra-

432 1305 514 1335 rium
542 1304 604 1334 illis
633 1304 790 1341 maxime,
825 1303 878 1344 qui
908 1312 1069 1333 armorum
1101 1301 1336 1331 exercitatione
1371 1299 1565 1336 floruerunt,
1594 1309 1634 1329 ne
1658 1298 1804 1329 membra
1832 1298 1886 1328 illa
1910 1297 2082 1329 durissima

433 1356 577 1397 langoris
609 1355 797 1386 decoctione
829 1354 1020 1384 mollescant
1049 1356 1080 1384 et
1111 1353 1164 1394 qui
1195 1351 1234 1382 ab
1264 1351 1357 1382 hoste
1382 1351 1460 1381 foris
1486 1350 1632 1391 superari
1658 1349 1788 1380 minime
1812 1353 2008 1390 potuerunt,
2041 1350 2080 1380 ab

434 1409 560 1439 interna
595 1408 700 1449 potius
737 1406 968 1436 contrarietate
1000 1405 1180 1435 vincantur.
1237 1414 1337 1445 perge
1370 1403 1467 1443 igitur
1497 1406 1628 1433 auctore
1653 1401 1714 1432 deo
1747 1402 1912 1442 gressibus
1945 1402 2008 1432 tuis
2041 1402 2080 1432 ad

434 1460 540 1490 locum
570 1459 780 1501 praedictum.
827 1458 913 1488 absit
944 1457 1046 1493 enini,
1077 1460 1111 1486 ut
1138 1456 1275 1487 bellator
1305 1457 1415 1485 noster
1446 1453 1590 1484 ambulet
1616 1453 1765 1494 passibus
1790 1453 1914 1484 alienis.
1963 1453 2080 1494 equino

435 1512 542 1549 dorso,
567 1521 631 1541 non
655 1511 796 1541 humana
821 1509 1032 1540 subvectione
1057 1511 1218 1549 portetur,
1250 1507 1325 1548 quia
1349 1506 1415 1536 viro
1440 1504 1513 1535 forti
1538 1514 1637 1545 grave
1663 1508 1712 1535 est
1736 1504 1781 1535 sic
1806 1504 1930 1541 vivere,
1963 1508 1998 1534 ut
2022 1514 2081 1534 nec

434 1563 589 1593 inermem
608 1562 711 1604 possit
734 1561 879 1603 implere.
920 1570 1003 1601 qnae
1027 1560 1099 1590 ideo
1124 1559 1182 1590 tibi
1200 1560 1399 1599 exaggerata
1416 1557 1602 1587 narratione
1620 1556 1798 1592 retulimus,
1823 1559 1857 1586 ut
1881 1556 1920 1586 ad
1939 1555 2079 1586 studium

433 1614 580 1645 sanitatis
605 1614 711 1643 votiva
735 1612 829 1642 nimis
855 1611 1032 1653 cupiditate
1058 1611 1202 1652 rapiaris.
1249 1613 1341 1640 utere
1367 1609 1464 1649 igitur
1488 1608 1579 1649 aquis
1604 1608 1682 1645 illis,
1716 1608 1853 1649 primum
1877 1611 1973 1648 potae
1998 1606 2080 1637 dilu-

434 1667 540 1701 toriis,
566 1665 681 1696 deinde
707 1664 903 1695 thermarum
930 1663 1219 1694 exhalitationibus
1245 1661 1423 1692 siccativis.
1448 1660 1502 1690 ubi
1525 1659 1638 1690 merito
1662 1658 1868 1690 indomabilis
1893 1658 2002 1688 cervix
2026 1658 2082 1688 illa

433 1717 573 1748 flectitur
603 1717 780 1758 passionis,
813 1715 939 1757 quando
975 1716 1102 1746 interna
1126 1715 1265 1756 plurima
1299 1713 1457 1744 effusione
1483 1711 1695 1747 mundantur,
1726 1711 1886 1742 exteriora
1910 1710 2087 1741 attractiva.

435 1770 553 1799 virtute
583 1769 686 1799 libera
716 1768 795 1798 fiunt
831 1772 863 1798 et
888 1768 976 1798 velut
1006 1767 1131 1797 duobus
1161 1765 1289 1796 auxiliis
1324 1763 1529 1805 congregatis
1554 1763 1585 1793 in
1610 1762 1752 1793 medium
1775 1763 1875 1793 missa
1899 1765 2080 1803 superatur.

433 1824 579 1850 amentur
611 1820 674 1850 illic
705 1830 839 1850 munera
868 1830 1023 1849 concessa
1052 1818 1216 1849 divinitus.
1263 1820 1373 1847 contra
1404 1816 1492 1846 illam
1524 1815 1656 1845 humani
1681 1814 1809 1855 generis
1834 1813 2079 1844 debellatricem

433 1872 507 1902 data
530 1875 603 1902 sunt
628 1875 811 1913 opportuna
835 1871 1013 1901 munimina
1038 1871 1240 1901 lavacrorum
1265 1873 1297 1900 et
1322 1879 1417 1909 quani
1442 1877 1505 1898 non
1531 1866 1660 1897 edomat
1683 1866 1757 1906 iuge
1783 1865 1992 1904 decennium,
2017 1875 2081 1895 non

537 2009 810 2042 BZNKEOEfflfflJ)

538 2088 550 2112 1
572 2086 640 2120 huic]
660 2088 721 2111 hinc
740 2086 773 2110 H
846 2089 931 2118 petcro
950 2085 973 2109 A
1051 2085 1209 2109 remediabili
1229 2083 1291 2108 EÂ¹I
1400 2082 1416 2107 â€˜2
1436 2083 1460 2106 in
1479 2081 1512 2114 te]
1532 2083 1584 2106 uite
1605 2081 1645 2105 EÂ¹
1730 2080 1888 2113 quaerimus]
1909 2081 2035 2106 eredimus
2054 2080 2087 2105 H

435 2130 450 2155 3
468 2131 629 2162 tirampnitas
648 2130 726 2160 E2F,
744 2134 869 2162 tyrannus
889 2128 942 2155 HI,
960 2128 1096 2152 thirannus
1118 2128 1140 2151 G
1271 2125 1287 2150 4
1305 2124 1381 2157 quae]
1402 2126 1444 2157 qui
1465 2125 1533 2149 ZNI
1661 2124 1676 2148 5
1696 2125 1783 2149 timore
1803 2124 1845 2148 Ea
1977 2123 1993 2149 6
2013 2132 2081 2148 eum-

434 2181 512 2198 cavas
531 2173 563 2197 Î—
646 2173 754 2205 plaustri
776 2172 803 2196 E
895 2172 994 2204 proficit
1013 2171 1042 2195 H
1162 2169 1176 2194 7
1196 2170 1347 2194 inflectionis
1376 2168 1435 2192 EFÂ¹
1524 2167 1642 2200 rigorem]
1665 2168 1789 2198 liquorem
1808 2165 1867 2190 H'I
1951 2168 2083 2199 peregrina

434 2216 559 2240 soliditate
579 2214 694 2247 (solidate
718 2214 760 2247 BJ]
780 2216 824 2240 sol.
845 2223 897 2247 per.
919 2214 1021 2238 KEFA
1143 2213 1158 2237 8
1177 2214 1225 2238 hoc
1244 2213 1319 2237 HGa
1441 2212 1456 2235 9
1476 2210 1559 2243 uiuos]
1579 2220 1672 2236 neruos
1692 2210 1715 2234 A
1834 2209 1866 2234 lO
1883 2211 2020 2242 proceritas
2039 2210 2080 2235 EÎ‡

436 2259 465 2283 11
486 2260 598 2283 misteria
618 2259 676 2283 HIr
748 2260 838 2283 uiuum
857 2257 903 2290 est]
925 2259 1014 2282 uiuum
1036 2257 1069 2287 H,
1090 2258 1156 2282 uiuit
1178 2257 1221 2281 GI
1323 2255 1355 2280 12
1374 2260 1426 2280 not.
1441 2263 1524 2287 propr.
1540 2254 1568 2278 K
1672 2253 1703 2278 13
1722 2254 1770 2278 hoc
1784 2253 1812 2277 H
1883 2252 1952 2285 uiua]
1972 2254 2033 2278 uiua
2048 2253 2084 2284 K,

435 2312 482 2326 0111.
504 2302 548 2325 Ha
636 2310 712 2333 super
732 2301 805 2325 HGI
889 2299 959 2332 sana]
980 2301 1032 2324 fera
1051 2299 1126 2330 EÂ²Fâ€š
1144 2300 1254 2329 fortasse
1272 2299 1328 2323 sani
1452 2297 1483 2321 14
1502 2296 1615 2329 causam]
1636 2297 1686 2327 BI,
1705 2304 1784 2321 causa
1803 2295 1864 2325 HG,
1883 2304 1973 2321 causas
1991 2292 2087 2328 reliqui

487 2343 626 2376 desederat]
647 2345 745 2376 scripsi,
763 2345 887 2368 desiderat
905 2343 965 2374 BH,
986 2344 1094 2368 desierat
1113 2343 1143 2373 G,
1162 2343 1253 2367 desinit
1268 2342 1291 2373 I,
1311 2342 1391 2366 deerit
1405 2341 1438 2371 K,
1459 2341 1551 2365 deserit-
1566 2340 1690 2364 ZNEFA
1737 2340 1841 2364 remittit
1854 2339 1892 2363 EÂ¹
1967 2340 1996 2363 15
2014 2340 2083 2364 uide-

434 2393 503 2413 retur
524 2387 554 2411 H
637 2386 723 2420 aeger]
748 2396 809 2419 egra
837 2387 868 2410 II
987 2386 1018 2411 16
1036 2384 1113 2418 enim]
1143 2390 1228 2410 autem
1248 2385 1272 2408 Î‘
1396 2383 1426 2408 17
1446 2388 1585 2416 potuerunt
1604 2382 1658 2414 Ba,
1684 2386 1804 2415 poterunt
1828 2382 1861 2413 G,
1890 2383 2000 2414 potuerit
2021 2381 2082 2405 Hlp

436 2430 468 2455 18
495 2432 568 2463 signa
591 2440 638 2455 om.
663 2430 736 2454 HG]
828 2430 931 2461 reliquit
950 2429 999 2453 HI
1088 2429 1227 2453 barbarum
1247 2428 1323 2452 ZEF
1443 2426 1475 2451 19
1494 2427 1595 2451 iudiciis
1614 2426 1692 2456 KIA,
1719 2425 1825 2449 inuidiis
1854 2426 1909 2455 Ga,
1936 2425 1962 2448 in
1986 2425 2083 2449 iuditiis

435 2478 459 2498 et
473 2474 503 2497 H
569 2474 671 2498 uolenta
689 2473 747 2504 (sic)
762 2473 792 2497 H
858 2474 992 2497 succedere
1011 2471 1126 2504 aduersa]
1146 2473 1256 2502 fortasse
1269 2471 1413 2501 abscedere,
1433 2478 1536 2495 reuersa
1641 2468 1674 2492 20
1692 2469 1783 2492 iterum
1797 2476 1844 2492 om.
1859 2467 1882 2491 A
1954 2465 2082 2499 uideatur]

435 2525 483 2541 scr.
502 2517 603 2541 uidetur
690 2516 721 2540 â€˜21
742 2516 793 2540 illie
813 2516 845 2539 Î—
892 2516 1035 2540 exertitatio
1054 2516 1091 2540 B:
1104 2516 1221 2547 fortasse
1240 2515 1362 2540 exercitio
1449 2512 1483 2537 22
1502 2513 1573 2537 hoste
1593 2521 1640 2536 om.
1660 2511 1736 2536 HG]
1824 2510 1857 2536 â€˜23
1876 2512 2040 2537 contraietate
2058 2511 2087 2536 F

487 2560 626 2584 uincuntur
645 2559 747 2582 ZNEF
856 2557 889 2582 24
914 2559 1007 2589 equino
1030 2556 1112 2590 dorso]
1141 2559 1201 2590 equi
1223 2567 1274 2582 uon
1298 2558 1371 2581 dorso
1390 2556 1466 2587 BÂ¹Z,
1493 2557 1586 2587 equina
1606 2555 1707 2579 NHGI
1815 2554 1849 2579 25
1868 2554 2038 2580 subuentione
2057 2555 2084 2579 K

434 2602 468 2627 :26
487 2601 618 2634 inermem]
639 2602 744 2628 A'HGI.
763 2603 866 2626 inertem
886 2602 987 2626 BZKE
995 2602 1037 2632 Â¹F,
1057 2606 1163 2626 mortem
1184 2601 1250 2625 EÂ²A
1331 2599 1483 2630 narratione]
1502 2599 1622 2624 relatione
1641 2598 1670 2623 K
1781 2595 1813 2621 27
1833 2595 1916 2628 aquis]
1936 2597 2029 2628 aliquis
2041 2597 2083 2620 Ha

488 2646 536 2669 illis
555 2654 602 2669 om.
624 2645 656 2669 H
722 2649 777 2677 pote
801 2645 859 2675 HG,
878 2648 935 2676 poto
955 2645 1041 2675 Î’Î–Î,
1066 2648 1127 2676 potu
1148 2644 1296 2675 KEFIPAâ€š
1323 2653 1370 2667 om.
1391 2643 1426 2667 Î™Î
1497 2641 1634 2673 dilutoriis]
1654 2641 1756 2672 scripsi,
1780 2640 1910 2664 delutoriis
1929 2639 1997 2669 HG,
2022 2640 2082 2664 deli-

435 2689 505 2713 toriis
525 2688 648 2718 BNE2F,
670 2688 803 2712 delittoriis
821 2688 881 2714 Î–Îš.
906 2689 1021 2712 deicoriis
1041 2688 1085 2718 EÂ¹â€š
1109 2688 1264 2712 delenitoriis
1285 2687 1329 2716 IP,
1354 2686 1504 2711 delinitoriis
1524 2685 1586 2709 IWA
1719 2683 1751 2707 '28
1770 2684 1912 2707 themar-um
1932 2682 1956 2706 Z
2040 2690 2083 2706 ex-

436 2730 636 2763 halitationibns]
663 2731 766 2762 ÎµÎ¿Î½-Ï†Îµá¿–,
792 2732 1024 2756 exhahitnticmffius
1048 2730 1192 2757 EFÂ¹HGt,
1214 2730 1416 2754 exhibitionibus
1436 2727 1567 2758 BZXKI,
1592 2727 1634 2752 uel
1657 2726 1844 2751 exalationibus
1873 2726 1914 2750 uel
1939 2726 2082 2750 exibitioni-

436 2775 483 2798 bus
504 2775 549 2805 GV,
568 2774 774 2799 exhalationibus
793 2774 833 2798 Î“2
939 2773 971 2797 25Â³
992 2774 1056 2798 flect.
1079 2771 1156 2805 pass]
1176 2772 1281 2803 BHGI,
1301 2781 1366 2804 pass.
1386 2773 1450 2796 flect.
1471 2771 1563 2802 reliqui
1632 2770 1745 2802 pluraria
1764 2769 1788 2792 B
1892 2767 1926 2792 30
1944 2768 2038 2792 fuerint
2058 2767 2082 2791 A

487 2822 641 2850 superantur
660 2817 709 2841 Î“Î‘
731 2819 736 2823 â€œ
