2279 3261
800 195 995 222 VARIARVM
1016 197 1047 225 X,
1066 198 1090 223 4.
1109 199 1133 223 5.
1153 198 1176 223 (3.
1752 200 1806 229 301

166 283 316 314 serviret:
351 281 494 313 additum
525 285 575 312 est
603 282 700 312 tantis
729 282 868 315 meritis,
899 287 934 313 nt
963 283 992 313 ei
1022 283 1214 314 subderetur
1244 288 1275 314 et
1306 285 1490 315 reverentia
1518 285 1720 327 principalis:
1754 285 1814 315 hoc

166 335 251 365 enim
284 334 442 375 obsequio
474 333 664 374 dignissime
697 333 910 365 dominamur.
962 345 1036 365 nam
1070 346 1141 365 cum
1174 340 1282 366 tantae
1315 336 1506 377 prudentiae
1541 347 1653 378 pareo,
1690 337 1814 367 cunctis

166 386 337 417 virtutibus
362 385 561 417 obsecundo.
609 386 668 416 sub
693 387 749 416 tali
774 386 933 427 siquidem
958 387 1116 417 monitore
1142 388 1231 428 regni
1263 388 1403 429 pondere
1434 399 1495 418 non
1524 399 1708 429 gravamur,
1739 388 1813 419 dum

166 438 192 468 si
216 437 292 479 quid
316 437 357 467 sit
381 448 437 479 pro
462 437 606 468 novitate
630 438 840 479 incognitum,
865 439 919 469 fiet
936 439 1028 469 nobis
1046 439 1115 470 eius
1134 439 1345 470 instructione.
1365 440 1589 471 certissimum.
1627 440 1677 470 Ad
1695 440 1813 471 bonum

164 489 328 531 publicum
353 489 524 533 veritatem
550 500 613 520 non
637 490 738 531 pudet
763 490 919 521 confiteri.
966 491 1141 531 agnoscite,
1173 491 1335 532 principes
1361 491 1434 526 viri,
1460 491 1717 533 sapientissimae
1742 502 1814 522 esse

165 541 328 577 dominae,
360 535 443 582 quod
474 541 506 571 in
537 541 630 572 nobis
660 542 802 582 potuerit
830 543 902 583 plus
931 542 1070 583 placere.
1121 542 1208 573 illam
1240 543 1325 573 enim
1355 546 1410 573 aut
1439 543 1668 583 interrogando
1698 544 1814 575 melius

166 593 322 624 sentimus
341 595 396 623 aut
414 592 483 623 eius
503 592 683 624 imitatione
709 594 903 635 proficimus
943 594 1041 624 vivite
1067 604 1150 624 nunc
1175 594 1298 630 felices
1325 595 1422 625 vivite
1448 594 1507 625 deo
1532 595 1711 625 auxiliante
1738 606 1814 625 con-

165 644 278 675 cordes
303 648 336 675 et
359 644 567 675 aemulamini
593 645 742 685 gratiam,
766 656 861 686 quam
887 646 1007 685 regiam
1034 646 1228 686 cognoscitis
1253 649 1365 677 tenere
1392 646 1608 677 concordiam.

969 791 1008 822 v.

458 858 720 890 THEODOSIO
745 859 912 891 HOMINI
938 861 1023 891 suo
1048 861 1392 892 THEODAHADUS
1418 861 1519 892 REX.
1705 889 1734 909 m
1753 880 1814 909 534

268 928 443 959 Potestatis
469 933 598 960 nostrae
623 940 793 960 censuram
817 941 924 961 rerum
950 931 1096 961 volumus
1123 942 1196 962 esse
1221 931 1423 962 modestiam.
1454 935 1498 966 ut.
1528 935 1684 972 quantum
1709 931 1816 961 divina

163 980 325 1011 beneficia
356 981 575 1023 percepimus,
614 985 738 1012 tantum
775 982 960 1023 aequabilia
993 983 1065 1023 plus
1101 994 1254 1013 amemus.
1307 984 1432 1024 privata
1467 983 1626 1024 siqnidem
1661 983 1768 1014 studia
1799 994 1817 1013 a

164 1035 272 1063 nostro
312 1033 418 1063 animo
457 1033 635 1073 probantur
675 1034 824 1069 exclusa,
866 1035 940 1075 quia
978 1035 1141 1075 generalis
1180 1034 1329 1065 domiuus
1367 1039 1475 1065 custos
1512 1036 1615 1066 factus
1652 1046 1721 1066 sum
1757 1034 1816 1065 deo

164 1084 342 1115 auxiliante
360 1087 558 1115 cunctorum.
599 1088 631 1115 et
649 1084 720 1116 ideo
738 1086 902 1126 praesenti
927 1086 1068 1116 iussione
1094 1087 1323 1127 praecipimus,
1348 1090 1383 1117 ut
1407 1087 1599 1128 quicumque
1624 1087 1663 1117 ad
1689 1086 1817 1117 domum

164 1139 306 1167 nostram
331 1136 475 1167 noscitur
499 1137 662 1178 pertinere
687 1140 719 1167 et
742 1148 839 1168 curae
866 1141 939 1169 tuae
965 1138 1121 1179 probatur
1145 1149 1218 1169 esse
1237 1139 1438 1175 commissus,
1464 1139 1560 1169 nullis
1580 1139 1816 1180 praesumptio-

165 1188 258 1219 nibus
287 1188 477 1227 insolescat,
508 1189 583 1229 quia
611 1189 698 1219 solus
729 1189 885 1220 dicendus
915 1194 964 1220 est
993 1190 1046 1220 ille
1076 1201 1183 1225 meus,
1214 1190 1267 1231 qui
1297 1191 1426 1231 legibus
1456 1191 1599 1232 potuerit·
1628 1201 1699 1221 esse
1729 1193 1816 1220 tran-
1857 1204 1860 1212 ·

164 1240 293 1281 quillus.
339 1243 458 1279 augete
483 1240 603 1270 famam
627 1244 771 1271 nostram
796 1252 854 1282 per
878 1242 1069 1283 patientiam
1095 1245 1249 1272 vestram.
1290 1242 1322 1273 Si
1348 1243 1417 1283 quis
1442 1242 1592 1272 habuerit
1617 1253 1687 1272 cum
1714 1242 1817 1272 altero

163 1292 246 1323 forte
279 1292 462 1333 negotium,
495 1291 534 1322 ad
567 1293 749 1323 communia
780 1294 849 1324 iura
878 1293 1077 1324 descendite:
1111 1294 1182 1324 fora
1211 1305 1265 1325 vos
1297 1298 1458 1329 tueantur,
1492 1305 1555 1324 non
1586 1294 1691 1335 iniqua
1723 1305 1816 1335 prae-

165 1346 316 1387 sumptio.
357 1356 375 1376 a
392 1344 580 1376 domesticis
599 1346 749 1377 inchoare
767 1347 916 1377 volumus
936 1347 1150 1388 disciplinam,
1174 1350 1209 1376 ut
1234 1347 1374 1387 reliquos
1399 1346 1520 1387 pudeat
1545 1357 1665 1382 errare,
1690 1345 1817 1387 quando

164 1398 284 1428 nostris
310 1397 536 1438 cognoscimur
561 1397 741 1428 excedendi
766 1399 931 1429 licentiam
957 1409 1021 1429 non
1046 1398 1213 1440 praebere.
1254 1398 1447 1428 mutavimus
1472 1408 1544 1428 cum
1569 1397 1725 1438 dignitate
1743 1408 1816 1438 pro-

164 1449 304 1491 positum
331 1452 362 1479 et
388 1449 413 1479 si
438 1452 514 1479 ante
538 1449 624 1479 iusta
648 1449 792 1480 districte
818 1450 1035 1486 defendimus,
1066 1460 1150 1480 nunc
1176 1450 1353 1480 clementer
1377 1449 1484 1479 onmia
1511 1449 1713 1490 mitigamus,
1743 1449 1818 1490 quia

164 1500 296 1531 domum
320 1504 493 1542 exceptam
518 1511 580 1530 non
610 1500 709 1531 habet
737 1502 902 1543 princeps,
933 1501 988 1532 sed
1018 1501 1170 1543 quicquid
1200 1501 1306 1531 divino
1336 1501 1454 1531 auxilio
1484 1501 1641 1542 regimus.
1672 1504 1819 1531 nostrum

165 1553 296 1594 proprie
319 1552 519 1583 confitemur.
560 1552 674 1583 Estote
699 1563 776 1593 crgo
801 1554 885 1584 cirea
909 1564 975 1587 eos,
1001 1554 1053 1594 qui
1077 1553 1137 1583 iuri
1163 1556 1272 1583 nostro
1298 1556 1372 1583 ante
1397 1553 1489 1583 fuere
1515 1552 1663 1585 subiecti.
1689 1553 1818 1583 omnino

165 1604 308 1635 solliciti:
338 1604 462 1635 nullum
494 1608 606 1634 contra
630 1604 736 1645 legem
761 1605 882 1646 aliquid
908 1605 1102 1646 permittatis
1128 1604 1300 1635 excedere.
1347 1605 1416 1635 laus
1442 1604 1481 1635 ad
1506 1615 1557 1635 me
1583 1608 1688 1634 vestra
1711 1604 1819 1645 potius

167 1657 338 1698 perveniat
355 1667 451 1698 quam
468 1657 577 1697 aliqua
594 1657 740 1697 querella
757 1657 922 1698 procedat.
948 1657 1023 1698 quia
1040 1657 1125 1687 bona
1149 1656 1347 1686 conscientia
1372 1660 1448 1686 tunc
1473 1667 1548 1687 vere
1573 1657 1721 1697 imperat.
1747 1665 1819 1686 cum

166 1708 366 1749 generaliter
389 1711 557 1750 praestare
583 1708 726 1739 festinat.

964 1803 1023 1833 VI.

435 1871 649 1903 PATRIOIO
670 1866 715 1903 V·
731 1864 762 1902 Ϊ·
790 1870 1047 1907 QUAESTORI
1072 1871 1418 1902 THEODAHADUS
1443 1871 1546 1902 REX.
1710 1899 1738 1919 a·
1757 1889 1818 1918 534

267 1939 496 1971 Necessarium
526 1941 681 1982 probatur
710 1952 779 1971 esse
810 1941 855 1971 rei
884 1940 1033 1981 publicae
1064 1950 1218 1981 personas
1248 1940 1460 1981 dignitatibus
1492 1944 1584 1981 aptas
1615 1941 1751 1981 eligere,
1785 1944 1820 1970 ut

166 1991 216 2022 cui
241 1991 365 2022 iustitia
390 1993 610 2032 committitur,
635 1993 728 2023 malis
753 1992 895 2022 moribus
921 2002 983 2021 non
1008 1995 1168 2032 gravetur.
1209 1991 1351 2032 alioquin
1377 1992 1527 2022 inefficax
1553 1996 1602 2022 est
1626 1992 1665 2022 ab
1691 1992 1817 2022 homine

166 2043 299 2084 exigere
325 2043 410 2085 quod
436 2045 622 2086 agnoscitur
646 2055 708 2075 non
732 2044 868 2074 habere:
894 2047 1005 2074 contra
1029 2043 1229 2073 confidenter
1246 2044 1419 2084 quaeritur.
1444 2043 1528 2084 quod
1546 2044 1653 2074 inesse
1672 2044 1818 2074 sentitur.

165 2093 208 2125 Et
238 2094 311 2125 ideo
342 2095 481 2137 primum
513 2096 604 2127 nobis
636 2095 758 2137 placuit
788 2099 860 2126 tuos
891 2106 998 2125 mores
1029 2095 1203 2136 inspicere.
1238 2095 1307 2125 sine
1338 2096 1453 2136 quibus
1485 2100 1623 2137 possunt
1652 2096 1817 2136 quaelibet
1837 2102 1857 2119 ’ψ

166 2148 287 2189 optima
317 2148 500 2190 displicere.
548 2152 771 2180 ornamentum
801 2149 886 2179 enim
918 2148 1074 2178 bonorum
1105 2148 1244 2178 omnium
1275 2150 1325 2178 est
1354 2148 1481 2177 sincera
1510 2147 1708 2188 benignitas,
1738 2157 1818 2188 quae

166 2210 230 2230 non
266 2203 316 2230 est
352 2201 435 2235 sola.
472 2201 546 2242 quia
577 2201 614 2231 de
646 2201 818 2231 virtutibus
852 2200 1056 2240 cognoscitur
1087 2211 1160 2230 esse
1192 2202 1358 2240 generata.
1412 2199 1555 2229 ordinem
1590 2209 1684 2229 serva
1715 2199 1817 2229 nostri

166 2250 291 2289 iudicii,
330 2255 376 2289 ut,
415 2252 498 2283 sicut
528 2252 608 2283 haec
641 2253 743 2293 prima
774 2251 1007 2293 quaesivimus,
1044 2252 1089 2281 ita
1121 2255 1151 2281 te
1183 2251 1344 2282 custodire
1377 2251 1531 2281 iustitiam
1564 2262 1640 2292 prae
1672 2250 1818 2281 omnibus

271 2372 544 2404 BZNKE(F)H(GI)

271 2449 283 2474 1
302 2451 448 2483 principalis
468 2460 515 2475 0771.
527 2450 571 2473 H¹
659 2449 675 2474 4
689 2449 740 2481 fiet]
761 2454 785 2474 et
798 2450 840 2474 fiet
851 2449 899 2473 HI
953 2450 1008 2474 eius
1027 2459 1074 2474 om.
1086 2449 1177 2473 HGal
1263 2449 1278 2472 ἵ)
1291 2458 1345 2474 esse
1365 2459 1412 2476 υηι,
1425 2449 1452 2473 Κ
1538 2450 1553 2474 G
1569 2451 1649 2481 potuit
1660 2449 1688 2473 F
1738 2449 1816 2481 illam]

165 2492 210 2517 illa
229 2493 261 2523 E,
280 2502 339 2518 nam
360 2493 391 2516 H
492 2492 506 2517 7
526 2491 679 2524 imitatione]
699 2493 840 2517 mutatione
855 2493 882 2516 II
985 2492 1001 2517 8
1019 2494 1108 2525 regina
1122 2493 1155 2523 K,
1173 2494 1288 2525 reginam
1306 2493 1350 2516 Ha
1419 2492 1506 2525 quam]
1527 2494 1569 2524 qui
1585 2493 1684 2517 NHG]
1754 2494 1817 2526 regi-

165 2544 225 2560 nam
239 2536 283 2560 H¹
346 2537 449 2561 noscitis
463 2536 517 2560 EF
611 2536 639 2560 ll
661 2536 763 2568 equalia
778 2536 806 2559 K
865 2544 1040 2560 ammonemus
1054 2536 1100 2559 Jla
1163 2535 1259 2568 studia]
1279 2537 1368 2560 iuditia
1384 2535 1466 2559 HVJ*
1569 2536 1600 2560 12
1619 2535 1691 2567 quia]
1712 2539 1736 2560 ct
1752 2536 1821 2559 E¹F

167 2578 199 2602 13
218 2583 243 2603 et
260 2578 324 2611 ideo]
344 2580 399 2604 ideo
421 2579 481 2609 HG,
500 2580 606 2610 ideoque
627 2580 648 2602 (ι’
704 2587 783 2611 praec.
805 2580 864 2603 iuss.
885 2579 954 2602 HG!
1044 2578 1074 2603 14
1093 2580 1205 2603 nescitur
1226 2579 1264 2602 Ε1
1355 2579 1384 2603 lo
1403 2579 1516 2611 patuerit
1530 2579 1558 2603 K
1608 2580 1775 2610 transquillus
1790 2579 1820 2602 H

168 2620 199 2645 16
212 2622 307 2653 patiam
319 2621 363 2645 H²
417 2623 507 2646 habuit
518 2622 590 2645 HGa
676 2621 704 2645 17
725 2621 820 2654 iniqua]
837 2622 940 2653 inquam
954 2621 985 2645 II
1064 2622 1094 2646 19
1109 2623 1240 2646 excedenti
1254 2622 1281 2645 II
1361 2622 1395 2646 '20
1408 2623 1524 2646 destricte
1536 2622 1559 2645 B
1613 2623 1763 2646 ostendimus
1774 2621 1821 2645 III

167 2662 198 2688 21
219 2665 314 2689 habent
334 2665 459 2697 principes
474 2665 497 2688 A
556 2665 668 2697 gerimus
683 2664 755 2688 HGI
844 2664 878 2687 {22
897 2665 995 2696 proprie
1014 2664 1090 2697 confi]
1111 2666 1258 2697 profitemur
1272 2665 1349 2690 HGJ.
1368 2666 1467 2697 proprie
1487 2666 1634 2697 profitemur
1648 2664 1688 2688 Ε2
1740 2663 1816 2695 circa]

166 2715 227 2731 cum
247 2708 271 2731 Z
364 2707 398 2732 ⁶23
416 2709 568 2740 promittatis
582 2708 606 2731 B
666 2706 763 2739 uestra]
784 2708 851 2731 unde
866 2707 915 2733 Ε),
934 2716 980 2731 uni.
996 2707 1043 2731 BA
1139 2707 1172 2731 25
1191 2709 1328 2740 praestan-ei
1344 2708 1384 2732 Z³
1476 2707 1508 2732 ‘27
1529 2716 1582 2731 esse
1601 2717 1649 2731 om.
1663 2708 1683 2730 Α
1744 2708 1819 2738 elige>

167 2758 219 2774 rein
239 2750 284 2773 H²³
379 2749 411 2775 '28
429 2755 556 2783 grauatur
576 2750 605 2774 H
656 2751 751 2781 alioqui
773 2751 795 2774 ,1
889 2750 922 2774 29
942 2751 1104 2783 cognoscitur
1122 2751 1150 2774 F
1239 2750 1273 2775 30
1291 2757 1315 2775 et
1334 2750 1398 2782 ideo]
1419 2752 1473 2775 ideo
1494 2751 1545 2777 HJ.
1564 2751 1670 2782 ideoque
1693 2750 1714 2773 G
1767 2754 1815 2781 opt.

167 2794 250 2825 quael.
271 2794 337 2824 HG,
365 2799 416 2827 opt.
439 2803 540 2827 queque
560 2794 577 2818 I
707 2794 739 2819 31
764 2803 830 2819 omn.
855 2795 914 2819 bon.
934 2794 987 2819 HG
1117 2793 1150 2818 3⁵2
1174 2793 1346 2827 cognoscitur]
1375 2795 1476 2818 uidetur
1496 2793 1589 2817 HGIA
1697 2793 1777 2817 ordini
1797 2792 1822 2816 Z

166 2836 200 2860 33
219 2837 266 2861 hoc
286 2837 315 2861 Η

1838 1457 1862 1473 2⁷0
