2279 3261
430 733 452 750 10

429 990 451 1008 15

428 1768 452 1785 30

472 177 533 207 354
1190 175 1402 202 CASSIODORI

472 273 543 293 cum
569 262 670 293 tribus
696 262 769 292 aliis
795 261 958 292 sororibus
984 262 1117 292 caelesti
1141 263 1246 303 gratia
1268 262 1446 304 perfruaris
1472 265 1504 293 et
1526 263 1656 294 amabili
1673 264 1913 306 amplexatione
1930 265 2117 304 nectamini,

472 324 582 344 omnes
614 313 687 349 tibi,
721 313 867 354 quamvis
897 316 930 343 et
957 313 1047 354 ipsae
1072 313 1208 344 virtutes
1234 314 1311 351 sint,
1344 313 1578 345 honorabiliter
1602 314 1738 353 cedunt,
1770 315 1897 356 quando
1921 318 1954 346 te
1977 315 2118 347 humano

471 365 583 406 generi
613 364 813 396 salutiferam
844 374 917 394 esse
947 368 1159 405 cognoscunt.
1206 365 1263 396 sed
1293 365 1369 406 quid
1393 368 1517 396 tantum
1542 365 1581 397 de
1606 369 1735 398 terrena
1758 367 2004 398 conversatione
2029 367 2118 398 dica-

471 420 562 448 mus?
602 417 706 458 pietas
731 419 791 453 est,
816 426 899 457 quae
924 417 1005 457 regit
1029 420 1062 447 et
1086 417 1204 448 caelos.
1245 428 1262 447 o
1287 418 1312 447 si
1338 421 1445 448 tecum
1470 418 1584 448 liceret
1607 418 1711 458 longis
1734 417 1882 449 habitare
1904 418 2116 460 temporibus!

472 471 560 499 totus
585 467 815 499 excluderetur
839 470 958 506 reatus,
984 471 1016 498 et
1034 468 1197 509 parcendo
1215 468 1308 499 fieret
1324 471 1360 499 ut
1376 479 1510 510 parcere
1527 469 1707 500 tolleretur.
1754 469 1818 500 Sed
1835 469 2118 511 providentissime

472 524 562 551 tanta
586 531 637 551 res
663 520 763 550 sacris
788 520 892 550 solum
917 519 1119 561 temporibus
1144 519 1270 550 videtur
1294 530 1366 551 esse
1391 530 1557 556 concessa,
1582 523 1617 551 ut
1640 521 1763 561 gratius
1785 520 1924 552 mundus
1945 521 2118 562 acciperet,

472 571 556 602 unde
584 582 641 612 pro
670 581 776 602 rerum
805 571 948 602 novitate
973 571 1139 612 gauderet.
1186 574 1384 613 quapropter
1407 572 1533 602 abstine
1557 572 1703 611 noxiam,
1735 572 1841 611 lictor,
1874 583 2035 612 securem,
2068 573 2119 604 cui

471 623 546 654 licet
574 623 704 664 impune
733 623 841 654 facere
869 622 953 664 quod
983 622 1014 653 in
1038 623 1110 653 aliis
1135 623 1340 664 cognosceris
1366 623 1545 654 vindicare:
1578 633 1651 654 ama
1674 624 1840 665 paulisper
1862 624 1983 654 ferrum
2008 623 2118 665 splen-

471 673 596 713 didum,
627 685 691 705 non
722 677 902 705 cruentum.
949 678 1081 706 catenas
1109 678 1181 706 tuas
1211 675 1351 706 lacrimis
1381 675 1526 706 madidas
1550 675 1675 706 felicior
1698 675 1812 716 rubigo
1838 676 2008 717 suscipiat:
2041 676 2119 707 illud

472 726 578 766 potius
604 725 753 763 reconde,
778 725 861 767 quod
885 726 1011 757 solebat
1034 726 1210 758 includere.
1250 726 1408 757 auditoria
1431 726 1581 757 feralium
1605 737 1721 758 vocum
1738 727 1872 759 meliore
1890 731 1977 759 sorte
1996 730 2118 759 mutes-

471 779 554 808 cant.
601 777 646 808 sic
671 787 705 808 re
728 788 805 808 vera
830 788 948 809 nomen
973 778 1116 809 custodis
1142 779 1210 809 sine
1235 778 1394 809 mortibus
1418 778 1544 809 alienis.
1588 778 1664 820 quid
1685 789 1815 821 semper
1835 779 1947 810 inferis
1970 779 2118 811 laboras?

471 828 644 870 aliquando
669 832 701 859 et
725 830 849 870 superis
874 829 986 860 milita.
1034 830 1134 860 otium
1158 830 1218 860 tibi
1243 830 1387 861 clemens
1412 833 1502 860 actus
1527 829 1649 860 indicit.
1696 830 1749 871 qui
1766 830 1908 862 iustitiae
1925 831 2119 862 inexorabili

471 880 613 911 excubat
637 891 774 912 necesse
799 884 864 918 est,
897 884 932 911 ut
956 891 1030 912 eum
1055 882 1160 923 pietas
1184 882 1326 923 benigna
1350 881 1522 923 discingat.
1568 881 1610 912 Et
1634 881 1706 913 ideo
1732 882 1815 913 cella
1838 883 2030 923 gemituum,
2062 883 2118 913 tri—

472 931 580 962 stitiae
605 932 730 969 domus,
755 932 840 973 apud
865 943 999 973 superos
1016 932 1165 964 Plutonis
1190 933 1377 975 hospitium,
1401 933 1489 964 locus
1515 937 1672 975 perpetua
1688 937 1782 965 nocte
1800 938 1962 973 caecatus,
1986 933 2118 966 tandem

471 983 632 1014 infusione
664 984 744 1014 lucis
776 983 934 1014 albescat:
969 984 1000 1015 in
1031 995 1093 1026 quo
1126 995 1189 1015 non
1220 995 1318 1015 unum
1350 987 1544 1015 tormentum
1577 985 1715 1017 sustinet
1744 996 1835 1023 reus,
1869 986 1923 1026 qui
1946 988 2118 1027 antequam

472 1036 613 1066 incurrat
636 1036 724 1066 necis
750 1036 867 1073 exitus,
893 1046 911 1066 a
936 1037 1062 1077 superis
1087 1037 1243 1078 probatur
1267 1036 1426 1067 abscisus.
1476 1036 1612 1078 primum
1636 1037 1737 1078 pedor
1760 1037 1814 1068 ille
1840 1037 1965 1078 collega
1987 1041 2118 1069 catena-

471 1097 540 1117 rum
570 1087 780 1118 abominabili
812 1098 959 1118 maerore
989 1087 1176 1119 discruciat:
1210 1088 1355 1118 auditum
1383 1088 1480 1118 alieni
1510 1088 1649 1129 gemitus
1680 1092 1712 1120 et
1741 1089 1883 1120 lamenta
1912 1089 2117 1120 conturbant:

470 1142 599 1179 gustum
624 1139 743 1170 ieiunia
767 1139 864 1180 longa
888 1139 1075 1170 debilitant:
1104 1143 1225 1170 tactum
1250 1139 1394 1181 pondera
1418 1140 1599 1180 prementia
1623 1139 1818 1182 defetigant:
1842 1141 1965 1172 lumina
1988 1141 2119 1172 diutinis

471 1190 615 1221 tenebris
641 1191 758 1221 obtusa
782 1194 983 1232 torpescunt.
1022 1202 1087 1222 non
1111 1195 1161 1222 est
1184 1202 1282 1222 unum
1308 1191 1425 1222 clausis
1450 1191 1600 1222 exitium:
1626 1192 1800 1223 multifaria
1822 1196 1924 1223 morte
1941 1193 2118 1234 perimitur,

429 1250 433 1256 ·
473 1242 525 1283 qui
560 1243 699 1273 carceris
736 1243 885 1284 squalore
922 1247 1100 1284 torquetur.
1153 1243 1246 1274 Nunc
1282 1254 1359 1284 ergo
1397 1254 1469 1274 reos
1503 1243 1542 1274 de
1573 1243 1704 1275 Averno
1734 1247 1789 1275 tuo
1821 1244 1959 1275 victuros
1991 1245 2116 1276 emitte:

472 1293 605 1325 redeant
635 1294 674 1324 ad
708 1305 858 1336 superos,
891 1295 945 1336 qui
976 1306 1016 1325 ex
1044 1306 1162 1336 magna
1190 1299 1281 1337 parte
1312 1295 1433 1326 inferos
1464 1295 1681 1336 pertulerunt:
1716 1296 1798 1327 atria
1822 1299 1877 1326 tua
1900 1297 2118 1328 vacuitatibus

471 1346 677 1387 impleantur.
729 1347 818 1377 locus
849 1346 902 1377 ille
933 1347 1124 1388 perennium
1155 1347 1360 1377 lacrimarum
1390 1347 1550 1388 quondam
1584 1348 1694 1379 tristes
1726 1348 1848 1378 incolas
1880 1348 2006 1390 perdat.
2056 1359 2119 1380 non

471 1400 546 1428 sunt
577 1397 650 1428 inde
681 1398 734 1438 qui
764 1398 841 1428 laeti
872 1402 959 1429 sunt:
997 1398 1050 1439 qui
1081 1402 1156 1429 tunc
1188 1399 1332 1440 profecto
1366 1398 1500 1429 habebit
1531 1400 1684 1440 gratiam,
1717 1400 1742 1430 si
1772 1399 1919 1431 desertus
1951 1404 2118 1442 appareat.

472 1450 569 1487 exite,
595 1450 721 1487 inclusi,
746 1450 854 1481 vicina
879 1461 1007 1492 semper
1031 1454 1133 1481 morte
1151 1450 1324 1492 pallentes:
1351 1450 1454 1482 redite
1472 1450 1512 1481 ad
1530 1451 1645 1488 lucem,
1670 1461 1749 1492 quos
1767 1452 1945 1492 caligantes
1963 1452 2118 1484 tenebrae

428 1508 446 1526 2-
472 1500 699 1543 possidebant,
736 1501 814 1532 nihil
846 1502 983 1544 amplius
1017 1507 1128 1545 optata
1161 1506 1265 1534 morte
1296 1503 1439 1544 passuri,
1475 1504 1535 1534 nisi
1567 1504 1651 1545 quod
1682 1504 1786 1535 adhuc
1817 1505 1973 1546 poteratis
2006 1505 2118 1536 occidi.

471 1553 536 1584 Sed
567 1564 639 1591 vos,
673 1554 726 1594 qui
758 1553 847 1584 nulla
876 1554 1002 1585 debetis
1031 1555 1206 1586 ambitione
1238 1555 1300 1585 iam
1329 1554 1451 1596 decipi.
1489 1555 1609 1587 delicta
1637 1555 1852 1598 derelinquite
1882 1567 1954 1587 cum
1984 1556 2118 1593 catenis,

470 1605 593 1636 dierum
629 1605 797 1636 beneficiis
833 1605 983 1637 absoluti.
1041 1607 1139 1638 vivite
1175 1617 1259 1637 nunc
1292 1607 1481 1640 honestate.
1524 1608 1577 1649 qui
1611 1608 1767 1639 didicistis
1801 1609 1995 1650 superstites
2027 1609 2118 1641 mori.

470 1657 656 1699 cognoscite
682 1668 778 1698 quam
802 1658 1002 1689 beneficialis
1029 1660 1069 1689 sit
1093 1659 1178 1689 bona
1202 1659 1420 1690 conversatio:
1446 1659 1550 1691 altera
1572 1660 1709 1691 contulit
1725 1660 1927 1691 teterrimum
1946 1670 2118 1695 carcerem,

470 1708 549 1739 haec
578 1709 667 1739 novit
696 1708 899 1750 splendidam
929 1710 1070 1741 tribuere
1101 1711 1300 1742 libertatem:
1333 1711 1395 1741 ista
1423 1711 1604 1752 praestabit
1631 1716 1667 1742 ut
1690 1712 1771 1743 velis
1797 1712 1920 1745 vivere.
1951 1712 2007 1743 illa
2031 1712 2120 1744 dedit

470 1764 505 1791 ut
530 1761 668 1802 eligeres
693 1762 756 1792 iam
782 1762 897 1802 perire.
937 1763 963 1793 si
986 1763 1077 1804 leges
1101 1763 1298 1803 astringunt,
1322 1763 1458 1794 ulterius
1484 1774 1539 1794 vos
1563 1763 1670 1794 nullus
1688 1763 1834 1794 includit.
1876 1766 2002 1795 secreta
2019 1774 2117 1806 pave-

468 1813 561 1843 scite:
587 1812 627 1843 ad
650 1813 755 1843 forum
780 1814 849 1844 sine
868 1814 1083 1855 trepidatione
1102 1815 1221 1845 venite.
1268 1814 1329 1845 Illa,
1346 1815 1431 1846 iuste
1449 1815 1607 1856 refugitis,
1632 1826 1690 1857 per
1706 1825 1788 1857 quae
1805 1815 1911 1846 tristia
1928 1816 2118 1857 pertulistis.

470 1865 626 1895 mirentur
650 1875 705 1895 vos
731 1865 861 1899 liberos,
887 1866 940 1907 qui
966 1865 1115 1897 viderunt
1139 1877 1223 1897 reos.
1265 1866 1372 1897 odisse
1397 1865 1523 1897 debetis
1547 1866 1633 1908 quod
1655 1877 1712 1898 vos
1731 1866 1862 1898 tradidit
1878 1868 1961 1898 neci.
2000 1878 2118 1909 pecora

573 2003 844 2035 BZNKE(F)H(GI)

573 2081 584 2105 1
605 2082 705 2106 celestis
723 2081 804 2113 gratia
824 2082 932 2113 (gratiae
955 2080 1005 2111 (1¹¹¹)
1027 2081 1077 2105 HG
1160 2082 1317 2113 amplexione
1339 2081 1390 2111 HI,
1414 2082 1609 2114 :implectntione
1627 2083 1665 2106 rel
1683 2082 1850 2114 amplectione
1870 2082 1916 2113 (1¹2,
1933 2083 2118 2115 amplexatione

469 2134 535 2149 corr.
556 2124 581 2148 ἱη
601 2125 761 2156 amplexione
783 2124 823 2147 Gv
917 2123 932 2148 ’.Ξ
952 2128 976 2148 ct
995 2133 1041 2148 0111.
1062 2124 1115 2149 EF
1205 2124 1220 2149 3
1239 2125 1269 2149 de
1289 2129 1388 2149 terrena
1407 2133 1454 2149 0721.
1475 2125 1500 2148 ἰη
1512 2126 1567 2157 fine
1581 2134 1642 2157 pay.
1657 2125 1681 2149 B
1773 2125 1789 2150 4
1807 2124 1896 2158 pietas]
1917 2129 1941 2150 et
1959 2135 1984 2158 p.
1996 2125 2020 2149 B
2080 2130 2118 2151 est

470 2176 516 2191 om.
537 2167 657 2191 FIIGaI
746 2168 834 2191 liceret
852 2177 899 2191 0111.
921 2167 949 2190 A*
1036 2169 1094 2192 hab.
1115 2167 1201 2201 temp]
1222 2168 1326 2197 BHGI,
1354 2172 1370 2192 t.
1391 2168 1415 2192 ΙιΑ
1436 2168 1587 2192 ZNKEFA
1713 2168 1729 2193 5
1747 2177 1850 2200 parcere
1872 2167 2013 2200 tolleretur]
2042 2177 2117 2201 parce

470 2211 599 2235 tolleretur
619 2210 643 2233 E
650 2210 693 2237 ¹21,
719 2219 791 2242 parce
811 2211 959 2234 tollerentur
981 2211 1047 2235 ΚΕ2
1165 2211 1180 2236 6
1199 2212 1276 2243 gratis
1296 2211 1368 2235 HGa
1487 2210 1500 2235 7
1520 2210 1597 2244 unde]
1623 2212 1690 2236 unde
1709 2212 1738 2236 de
1758 2212 1798 2236 Ει
1880 2221 1924 2245 pro
1944 2212 2036 2245 rerum]
2061 2221 2117 2245 pro-

469 2262 553 2278 cerum
574 2253 602 2276 N
658 2254 716 2277 litor
736 2253 767 2276 Η
824 2252 947 2284 securem]
967 2254 1071 2283 BIIGI,
1091 2255 1199 2278 securim
1214 2254 1347 2281 ZNEFA.
1367 2255 1493 2279 securium
1507 2255 1535 2278 K
1627 2254 1643 2279 8
1663 2256 1796 2287 impunens
1815 2255 1858 2279 Ba
1919 2256 2063 2280 uindicasse
2076 2255 2117 2279 Ει

469 2296 484 2320 9
504 2300 607 2321 catenas
631 2297 666 2320 ln's
686 2296 713 2319 F
813 2297 923 2320 lacrimis
948 2306 995 2320 om.
1016 2297 1056 2321 Ει
1196 2296 1229 2321 10
1247 2298 1347 2321 recindc
1369 2299 1419 2325 Ga,
1447 2298 1584 2322 recundere
1605 2298 1636 2321 II
1732 2299 1832 2323 solebas
1851 2298 1922 2323 HG]
2024 2307 2117 2324 uocum

472 2348 517 2363 um.
540 2339 611 2363 HG]
679 2340 752 2364 ¹<orbe
770 2339 820 2369 E‘,
840 2341 902 2364 sorte
923 2340 953 2363 H
1020 2341 1151 2365 mitescant
1171 2340 1232 2367 Ha,
1251 2341 1377 2365 nitescant
1397 2341 1414 2364 J
1514 2340 1544 2365 11
1563 2340 1609 2373 sic]
1629 2341 1733 2371 EHGI,
1753 2342 1773 2365 si
1794 2342 1825 2371 A,
1844 2342 1876 2366 sit
1894 2341 1997 2366 BZNF
2063 2343 2117 2367 sine

469 2391 516 2406 om.
541 2381 579 2405 K¹
657 2383 701 2413 qui
723 2382 752 2409 G,
771 2382 838 2413 quod
858 2382 890 2405 II
961 2383 985 2406 in
1006 2384 1077 2407 ferris
1097 2383 1192 2409 E¹G³.
1212 2384 1236 2407 in
1256 2384 1343 2407 inseris
1364 2383 1390 2407 F
1502 2383 1534 2408 1⁴2
1552 2384 1641 2408 militia
1660 2384 1732 2409 JJGa
1807 2385 1837 2408 cl.
1857 2385 1903 2409 tibi
1922 2384 1974 2408 ΖΝ
2044 2385 2116 2410 indu-

470 2426 504 2449 cit
522 2424 596 2448 NaF
655 2424 776 2457 iustitiae]
797 2426 812 2449 i.
832 2426 926 2450 domini
947 2425 985 2449 B¹
1086 2425 1116 2450 13
1136 2426 1202 2450 celsa
1224 2426 1256 2455 X,
1275 2426 1340 2450 colla
1356 2426 1386 2449 II
1480 2426 1511 2450 14
1531 2425 1677 2459 hospitium]
1697 2428 1809 2451 officium
1823 2427 1849 2451 E
1910 2428 2011 2452 tandem
2030 2436 2078 2452 om.
2091 2428 2120 2451 K

471 2468 501 2492 15
520 2476 571 2499 qua
592 2468 613 2491 Α
752 2467 782 2492 16
801 2469 916 2500 supernis
939 2469 985 2492 lm
1127 2468 1155 2492 17
1176 2467 1296 2500 maerore]
1326 2474 1418 2493 terrore
1440 2469 1476 2492 12⁷¹
1578 2470 1698 2494 discutiat
1718 2470 1785 2497 101,
1812 2470 1915 2494 discutit
1933 2470 1960 2494 E
2057 2471 2116 2495 alie-

469 2520 517 2535 nus
536 2511 590 2535 EF
718 2510 749 2535 18
772 2515 881 2536 tractum
901 2511 932 2535 IJ
1024 2510 1173 2544 det‘etigaut]
1199 2512 1282 2536 13211.
1308 2513 1461 2544 defestigant
1481 2512 1531 2537 B1.
1558 2513 1697 2544 defatigant
1716 2513 1890 2537 ZNKEFG'I
2020 2512 2051 2537 19
2079 2517 2117 2538 est

470 2563 516 2578 om.
538 2554 609 2578 HG]
691 2555 811 2586 premitur
830 2554 901 2578 IIGI
1017 2554 1050 2578 20
1069 2556 1241 2587 ε(μι;ιΙοι-ω*;-ι
1262 2555 1292 2585 Β,
1317 2556 1414 2580 scalere
1435 2556 1514 2579 ZKH
1592 2555 1661 2588 ergo]
1687 2560 1772 2580 autem
1792 2556 1819 2580 F
1894 2555 1958 2588 reos]
1984 2565 2026 2581 eos
2046 2556 2121 2581 HGI

468 2596 499 2621 ‘21
520 2597 564 2628 qui
583 2605 613 2621 ex
634 2606 666 2621 m.
686 2606 707 2629 p.
728 2597 822 2621 iuferos
842 2606 889 2622 om.
911 2597 938 2620 X
1045 2596 1078 2621 22>
1098 2599 1175 2621 tristis
1196 2598 1267 2621 IlssG
1337 2599 1418 2630 perdit
1437 2598 1463 2622 E
1565 2597 1597 2623 23
1616 2599 1747 2623 habebunt
1766 2599 1817 2623 HG
1825 2600 1859 2623 ³1
1926 2600 2018 2624 deserti
2036 2608 2115 2632 appa·

468 2643 539 2664 reant
553 2639 644 2663 HGaJ
728 2638 761 2663 ‘24
780 2648 878 2672 semper
891 2639 979 2672 morte]
999 2650 1075 2673 super
1088 2645 1166 2665 morte
1181 2641 1202 2671 I,
1223 2646 1301 2666 morte
1316 2641 1388 2665 ZNG
1395 2646 1416 2671 ss,
1436 2646 1507 2666 niort.
1522 2651 1599 2674 semp.
1612 2643 1634 2665 A
1722 2641 1755 2665 25
1774 2643 1920 2674 possideant
1930 2642 1970 2666 B¹
2025 2642 2113 2675 occidi]

469 2683 553 2707 accedi
567 2682 607 2706 E¹
695 2681 728 2707 26
747 2681 925 2714 derelinquite]
942 2683 972 2713 Β,
992 2684 1127 2715 relinquite
1140 2684 1365 2709 ZNJsEFHGI.—1
1457 2683 1489 2708 27
1508 2685 1568 2709 dier.
1583 2685 1664 2709 benef.
1679 2693 1725 2709 om.
1740 2684 1764 2708 B
1816 2686 1930 2710 absolute
1944 2685 1987 2709 Ba
2039 2687 2114 2710 hone-

469 2724 542 2758 state]
562 2725 666 2750 honeste
680 2725 782 2756 EFGb,
802 2730 865 2750 recle
882 2730 942 2757 puto
1030 2726 1064 2751 ⁴29
1083 2728 1155 2751 nouit
1173 2726 1229 2759 spl.]
1250 2728 1296 2759 spl.
1317 2736 1375 2752 nou.
1391 2727 1417 2751 F
1470 2727 1622 2760 libertatem]
1642 2728 1791 2760 dignitatem
1806 2728 1850 2751 Na
1909 2727 1983 2760 uelis]
2003 2729 2066 2753 uelit
2078 2729 2114 2760 H‘,

470 2768 553 2792 uelitis
574 2768 623 2792 GA
711 2767 745 2792 30
763 2769 889 2800 eligeretis
906 2770 953 2793 GA
1007 2768 1037 2801 si]
1058 2774 1095 2794 set
1108 2770 1143 2800 H,
1164 2770 1207 2794 sed
1227 2770 1252 2794 ni
1269 2769 1317 2800 (Η),
1336 2771 1362 2794 ni
1379 2771 1419 2795 Ga
1472 2771 1584 2796 includet
1597 2771 1650 2795 EF
1741 2770 1772 2796 31
1794 2770 1846 2802 illa]
1866 2772 1913 2795 ista
1926 2771 1997 2796 HG]
2048 2772 2114 2797 refu-

469 2811 540 2843 gistis
560 2811 612 2835 HG
684 2812 785 2836 tristitia
804 2811 883 2842 BHst.
902 2813 1029 2837 tristitiam
1052 2813 1068 2836 Ῑ
1169 2811 1202 2836 32
1221 2813 1341 2837 uidentur
1360 2813 1388 2837 Ii
1455 2814 1526 2838 debis
1545 2813 1577 2838 H
