2279 3261
947 171 1172 198 PROOEMIVM.
1847 177 1880 203 LI

226 260 446 300 indicavimus,
476 260 603 292 mendas
631 260 750 292 tollens.
802 262 857 294 sed
888 268 922 294 ut
949 264 1018 296 loco
1046 277 1140 307 supra
1168 266 1261 297 citato
1286 268 1335 305 71,
1350 269 1387 299 {31
1415 268 1684 310 interp(›lationcm
1708 271 1807 308 auxit,
1839 271 1880 302 ita

224 322 292 353 aliis
325 321 512 364 quibusdam
544 321 689 353 lectiones
718 321 884 365 adscripsit
911 324 1020 364 falsas,
1051 338 1182 368 quarum
1210 327 1361 369 quasdam
1390 329 1506 360 subieci
1537 330 1727 371 praescripta
1751 330 1880 362 lection(¹

223 394 333 414 manus
357 382 483 425 prioris:

401 461 450 498 13,
465 461 505 492 27
529 460 638 502 genus]
662 460 771 502 genius
796 462 980 501 (PKME2)

400 522 449 559 59,
466 522 485 553 8
509 520 670 563 nauanter]
696 522 839 563 gnauiter

379 582 449 620 106,
468 583 506 613 19
531 581 689 624 missibus]
715 583 886 614 missilibus
911 583 1061 622 (MOX2)

379 644 448 681 107,
466 644 483 675 7
509 641 662 686 casarum]
687 655 851 675 causarum
876 644 972 683 (XE)

377 704 447 742 123,
464 706 483 736 G
507 702 703 746 incurserint]
730 704 914 736 incurrerint
937 705 1035 743 (XE)

379 764 502 802 146,10
526 762 652 806 fertura]
676 764 778 796 latura

377 826 447 863 170,
466 826 504 857 16
528 823 665 867 propter]
691 836 785 856 causa
809 825 927 863 (Paris.
951 826 1049 864 2191)

377 886 446 924 175,
462 888 481 918 5
505 884 578 927 non]
605 896 699 927 quam
723 886 816 924 (EF)

375 947 444 984 184,
461 947 499 977 21
526 945 726 987 conscientia]
753 945 878 977 conscia
902 945 949 981 (E
957 946 1017 984 1Γ)

374 1009 444 1046 187,
461 1009 479 1039 2
504 1019 565 1040 voc.
589 1008 739 1039 omissum
761 1019 782 1039 a
807 1008 857 1039 13¹
884 1008 916 1038 in
939 1008 1042 1047 spatio
1068 1011 1196 1039 meante
1219 1008 1373 1048 szwplecit
1397 1009 1525 1041 indultis
1550 1011 1647 1049 (ΚΕ)

371 1070 443 1107 207,
459 1069 499 1101 28
525 1069 633 1110 unum]
659 1080 730 1099 cum
754 1080 850 1099 unum

214 1146 264 1178 Ita
295 1158 364 1178 cum
396 1147 557 1189 probabile
585 1147 627 1178 sit
649 1146 878 1178 emendatorem
902 1158 990 1177 usum
1015 1157 1082 1177 esse
1105 1158 1141 1178 eo
1165 1147 1234 1189 ipso
1257 1149 1399 1190 exemplo
1422 1149 1506 1191 quod
1531 1150 1695 1193 descripsit
1718 1151 1871 1189 librarius,

214 1208 412 1239 confirmatur
441 1207 512 1239 inde
542 1207 626 1250 quod
655 1219 750 1250 supra
778 1219 815 1238 ex
844 1207 912 1238 loco
938 1209 1007 1246 183,
1025 1209 1065 1239 :54
1093 1207 1251 1239 effecimus
1280 1209 1319 1240 ad
1343 1209 1502 1252 archetypi
1526 1211 1695 1253 marginem
1719 1211 1869 1253 quasdam

213 1268 359 1300 lectiones
392 1268 564 1311 adscriptas
594 1268 691 1299 fuisse
720 1268 759 1300 ad
790 1268 939 1300 familiam
968 1268 1036 1300 EF
1062 1269 1243 1301 referendas.
1293 1270 1428 1312 reliquae
1458 1271 1537 1302 inter
1565 1272 1685 1313 glossas
1716 1273 1871 1303 coniectu-

212 1342 303 1362 rasve
326 1330 429 1362 referri
454 1334 612 1373 poterunt,
641 1340 771 1371 quarum
795 1340 856 1359 non
882 1340 996 1371 paucas
1020 1329 1051 1360 in
1075 1330 1239 1361 verborum
1264 1330 1403 1361 ordinem
1427 1343 1445 1362 a
1468 1332 1618 1374 scriptore
1641 1337 1779 1375 receptas
1803 1345 1870 1364 esse

212 1402 307 1433 supra
329 1391 475 1423 vidimus.

1317 1457 1327 1476 t

340 1538 572 1571 Florentinus
596 1538 858 1570 Laurentianus
884 1541 933 1578 89,
949 1542 1004 1578 23,
1034 1539 1123 1570 nobis
1149 1540 1194 1578 K,
1223 1544 1270 1571 est
1293 1551 1331 1571 ex
1353 1551 1464 1581 genere
1487 1542 1782 1581 contaminatorum,
1812 1542 1867 1573 sed

209 1601 289 1632 inter
310 1611 363 1631 eos
386 1599 477 1641 longe
501 1599 638 1641 optimus
646 1612 653 1637 ;
677 1600 795 1631 scilicet
818 1600 870 1642 qui
894 1611 963 1631 eum
988 1600 1122 1642 scripsit,
1145 1601 1172 1631 ei
1196 1601 1286 1643 copia
1309 1601 1366 1631 fuit
1390 1606 1510 1643 praeter
1528 1601 1675 1641 codicem,
1699 1614 1760 1645 quo
1777 1604 1867 1645 quin-

209 1673 268 1704 que
295 1660 394 1692 ultimi
424 1660 495 1692 libri
523 1659 678 1691 variarum
703 1660 953 1699 continebantur,
983 1660 1116 1691 duorum
1140 1661 1270 1692 aliorum
1295 1662 1403 1692 classis
1428 1662 1544 1704 primae
1567 1663 1709 1701 alterius,
1741 1664 1865 1695 alterius

208 1721 369 1753 secundae.
414 1721 574 1762 utriusque
597 1724 679 1752 certa
703 1721 835 1762 vestigia
859 1725 1009 1763 apparent
1032 1721 1063 1751 in
1087 1720 1306 1763 dittographiis
1332 1733 1349 1752 a
1372 1722 1498 1753 librario
1516 1723 1552 1753 K
1572 1723 1601 1753 in
1629 1723 1729 1765 ipsum
1756 1724 1865 1755 verbo-

208 1794 276 1814 rum
300 1781 439 1813 ordinem
462 1781 608 1823 receptis:

520 1868 544 1899 I
1006 1868 1050 1898 II
1465 1869 1504 1899 K

363 1931 413 1969 37,
432 1931 470 1962 18
495 1929 672 1971 designauit
893 1929 1024 1960 dictauit
1297 1929 1474 1971 designauit
1497 1929 1545 1960 uel
1569 1929 1699 1961 dictauit

360 1992 410 2029 41,
427 1992 467 2023 25
491 1990 597 2021 bibere
889 1990 993 2021 uiuere
1296 1990 1399 2021 uiuere
1423 1990 1471 2021 uel
1495 1990 1600 2021 bibere

361 2053 411 2089 41,
427 2053 466 2084 27
491 2056 617 2093 putetur
891 2051 1071 2082 aestimetur
1295 2051 1461 2081 extimctur
1484 2050 1532 2080 ucl
1556 2055 1680 2092 putetur

359 2114 410 2151 46,
427 2114 445 2144 5
470 2111 592 2142 dicatus
617 2123 716 2142 annus
889 2111 1026 2143 dicatum
1050 2116 1172 2153 tempus
1294 2111 1431 2142 dicatum
1456 2112 1504 2142 uel
1529 2111 1649 2142 dicatus
1674 2124 1773 2142 annus

203 2191 285 2223 Item
307 2191 468 2230 lectiones,
495 2202 574 2233 quae
603 2190 720 2232 primae
748 2190 857 2221 classis
885 2194 939 2221 aut
967 2190 1031 2221 ¹sint
1060 2195 1113 2221 aut
1141 2194 1221 2221 certe
1249 2201 1316 2221 esse
1340 2190 1461 2232 possint
1490 2194 1570 2229 (nam
1600 2190 1652 2221 ubi
1677 2190 1715 2220 K
1734 2190 1762 2220 in
1788 2202 1859 2221 vera

202 2252 334 2283 lectione
362 2256 424 2283 tam
454 2263 524 2282 cum
552 2251 652 2293 prima
682 2251 781 2281 classe
808 2251 962 2281 consentit
990 2262 1082 2292 quam
1111 2262 1181 2281 cum
1212 2250 1356 2281 Palatino
1385 2249 1550 2289 secundae,
1580 2250 1709 2281 dubium
1742 2256 1786 2281 cst
1818 2251 1857 2282 ad

203 2317 303 2343 utram
328 2323 394 2343 sese
417 2311 640 2354 applicaverit),
664 2311 828 2343 observavi
853 2311 923 2342 has:

382 2392 484 2429 14,11
510 2387 721 2431 largitionum]
746 2389 769 2419 l
787 2391 815 2419 et
840 2389 910 2426 PK,
933 2389 1107 2430 largionum
1131 2388 1193 2418 LR

381 2452 428 2489 17,
445 2452 486 2482 28
510 2450 688 2481 subducunt
712 2451 735 2481 I
754 2453 781 2480 rt
806 2450 877 2487 PK,
902 2450 1069 2481 subdicunt
1094 2450 1155 2481 LR

380 2513 427 2549 19,
443 2512 483 2543 27
508 2512 670 2552 angustius
695 2511 718 2541 I
736 2514 764 2541 et
790 2510 895 2548 PDK,
920 2511 1082 2552 augustius
1107 2511 1168 2541 LR

379 2573 427 2610 19,
443 2573 481 2603 31
507 2576 618 2602 cuncta
641 2571 664 2602 I
684 2574 711 2602 et
736 2573 777 2609 K,
802 2577 910 2603 contra
932 2572 977 2603 II

375 2634 425 2671 22,
441 2634 482 2663 22
506 2631 711 2663 desultatione
734 2633 754 2663 Ι
777 2635 805 2663 et
828 2632 869 2667 K,
895 2632 933 2663 de
956 2632 1158 2663 resultatione
1182 2632 1223 2663 H

375 2694 426 2731 22,
441 2694 482 2724 23
506 2693 651 2724 conuenit
674 2693 697 2724 I
716 2697 744 2724 et
768 2694 810 2732 K,
833 2693 967 2724 uicinam
991 2694 1034 2725 II

375 2754 426 2793 23,
444 2755 459 2786 1
484 2753 617 2785 utilitate
643 2753 746 2794 OEK,
771 2753 890 2785 uilitate
913 2754 955 2785 ΙΙ
975 2757 1003 2785 et
1018 2754 1164 2794 plerique
1187 2753 1223 2786 cl.
1242 2754 1263 2785 I

375 2815 425 2853 23,
441 2815 482 2848 26
505 2813 665 2857 praedicto
689 2814 711 2847 I
730 2817 758 2846 et
782 2813 854 2853 PK,
879 2825 973 2858 supra
997 2814 1080 2847 dicto
1105 2815 1166 2848 LR
