2279 3261
807 204 1003 230 VARIARVM
1024 204 1096 235 VIII,
1118 206 1157 231 19.
1177 206 1218 231 20.
1776 203 1833 232 251

187 292 283 323 rebus
308 291 497 333 plerumque
526 290 688 322 medicina
718 291 878 327 succedit,
912 302 999 329 nam,
1033 291 1108 322 dum
1140 291 1228 322 calor
1257 291 1363 322 vitalis
1396 290 1560 321 adhibitus
1590 289 1702 323 fuerit,
1734 288 1836 327 frigus

187 343 378 386 pestiferum
405 345 481 373 tunc
511 343 642 373 recedit.
689 343 801 374 nubila
831 344 902 384 ipsa
930 346 1099 374 ventorum
1130 343 1305 384 spiratione
1336 345 1507 383 terguntur
1532 344 1563 371 et
1588 340 1695 381 aquilo
1720 339 1834 369 faciem

188 395 270 426 caeli
287 394 494 435 tranquillam
513 394 628 431 reddit,
654 405 750 436 quam
774 395 926 426 australis
950 406 1028 426 aura
1052 395 1206 426 turbavit.
1248 396 1292 426 sic
1317 406 1375 426 nos
1401 395 1608 426 decessorem
1633 397 1724 424 tuum
1749 403 1835 422 sum-

187 447 346 478 movimus
371 457 481 478 amore
498 447 733 488 generalitatis,
758 451 793 478 ut
816 451 850 478 tu
876 447 1108 478 saluberrimus
1127 447 1308 478 advenires.
1346 446 1517 477 Contraria
1532 445 1692 487 prioribus
1710 445 1836 474 imitare

187 503 220 530 et
244 498 407 530 laudanda
430 499 598 540 peregisti.
643 499 696 529 ille
722 500 891 530 calumniis
917 499 1062 530 odiosus:
1092 503 1126 530 tu
1152 499 1259 534 stude,
1291 502 1326 530 ut
1350 499 1474 530 iustitia
1498 498 1642 528 reddaris
1672 500 1836 538 acceptus.
1869 503 1879 519 ‹'·

187 562 289 593 rapax
320 551 389 582 ille:
430 553 464 581 tu
502 551 681 582 continens.
736 551 895 582 bonorum
928 552 1068 582 omnium
1099 551 1207 582 brevis
1240 554 1288 581 est
1326 551 1470 582 definitio
1502 550 1603 580 vitare
1636 560 1717 590 quac
1750 548 1835 580 feeit.

188 602 315 645 quando
349 602 405 633 illa
434 612 511 633 vere
541 602 703 633 laudanda
733 606 821 639 sunt,
852 614 934 644 quae
964 614 1021 634 suo
1053 603 1168 634 indicio
1193 614 1257 633 non
1282 603 1441 645 probavit.
1488 602 1615 643 respice
1640 601 1780 641 denique
1806 601 1837 630 in

187 656 242 686 illo
273 655 382 686 odium
410 654 589 696 publicum,
621 658 653 685 et
682 658 715 686 tu
745 666 888 687 amorem
919 656 1073 686 affectare
1103 658 1301 686 cunctorum.
1348 655 1427 685 tanti
1456 654 1520 684 tuis
1550 652 1691 684 moribus
1716 652 1837 693 gratias

187 710 301 749 agant,
337 706 447 748 quanti
482 706 569 737 illius
603 707 815 738 acerbitatem
851 708 986 738 actionis
1023 711 1188 738 accusant.
1240 708 1385 738 animare
1419 707 1516 747 igitur
1547 705 1708 736 dedecore
1740 714 1834 745 prac-

187 758 344 797 cedentis,
370 757 498 800 quando
523 762 596 799 post
620 759 710 789 illum
735 760 904 800 professae
929 760 1073 791 malitiae
1091 760 1195 790 virum
1219 759 1271 790 vel
1292 770 1311 789 a
1326 759 1421 790 malis
1439 757 1637 789 abstinuisse
1655 755 1836 786 laudandus
1857 762 1880 778 ¹⁴¹

187 822 232 842 eS.
270 821 344 842 nam
362 810 457 851 quale
476 810 546 847 erit,
572 810 599 841 si
615 809 774 842 beneficia
791 811 964 852 provinciis
982 811 1107 842 tribuas
1125 822 1208 852 quae
1225 811 1384 842 hactenus
1408 821 1471 841 non
1490 809 1678 840 habebant?
1716 808 1836 838 bonnm

186 864 351 895 insolitum
375 863 448 904 plus
473 865 600 893 amatur
623 866 655 893 ct
679 863 827 904 sequenti
850 863 969 904 gaudio
995 863 1120 894 confert
1144 863 1349 894 dulcedinem
1373 865 1556 904 temporum
1581 860 1763 902 praemissa
1780 859 1835 889 tri-

188 915 286 946 stitia.
331 914 439 956 Atque
463 914 536 945 ideo
560 914 787 956 praefecturae
812 915 870 946 tibi
894 916 1000 946 fasces
1023 926 1082 957 per
1107 918 1234 946 sextam
1260 915 1398 946 feliciter
1422 914 1628 945 indictionem
1654 912 1714 943 dco
1745 911 1837 942 auxi·
1901 912 1918 939 3

186 967 286 998 liante
316 966 527 1005 conferimus,
560 977 642 1008 quae
673 970 792 1008 quanto
822 967 883 998 fuit
912 967 1070 998 hactenus
1100 968 1248 998 laesione
1279 967 1449 1004 terribilis,
1481 968 1571 996 tanta
1602 975 1685 995 nunc
1716 964 1837 994 habere

187 1019 285 1050 debet
308 1018 469 1050 beneficia
493 1018 652 1056 lenitatis,
685 1019 843 1060 siquidem
868 1020 1013 1050 sauciata
1043 1030 1119 1050 cura
1147 1023 1203 1050 tua
1232 1018 1409 1050 refovenda
1437 1021 1522 1048 sunt.
1568 1027 1631 1047 non
1661 1016 1739 1053 tuis,
1771 1025 1835 1045 non
1857 1021 1878 1039 ¹1¹

187 1072 300 1103 alienis
331 1070 480 1102 manibus
510 1071 681 1112 quisquam
710 1075 874 1112 gravetur.
920 1082 994 1102 nam
1022 1072 1108 1102 ultra
1138 1081 1250 1102 omnes
1280 1071 1464 1112 impietates
1494 1072 1544 1100 est
1572 1078 1689 1099 nocere
1720 1068 1837 1103 laesos,

187 1124 240 1166 qui
265 1134 380 1155 sanare
406 1123 548 1154 creditur
572 1123 769 1154 vulneratos.
817 1123 929 1154 redeat
953 1123 994 1154 ad
1017 1134 1135 1154 nomen
1164 1123 1332 1164 antiquum
1361 1122 1568 1164 praefectura
1597 1120 1654 1151 illa
1685 1118 1837 1160 praetorii

187 1179 254 1207 toto
279 1176 356 1206 orbe
381 1175 569 1206 laudabilis:
596 1175 686 1205 cuius
712 1175 737 1205 si
762 1175 953 1217 principium
979 1186 1183 1216 quaeramus,
1208 1185 1267 1217 per
1288 1174 1409 1216 Ioseph
1434 1184 1452 1204 a
1474 1172 1641 1203 beneficiis
1665 1171 1838 1202 inchoavit.

186 1238 246 1259 nec
277 1227 426 1258 inmerito
457 1238 476 1258 a
505 1226 633 1268 legibus
661 1227 780 1258 nostris
810 1231 902 1268 pater
930 1227 1184 1268 provinciarum,
1216 1231 1309 1268 pater
1338 1227 1435 1256 etiam
1465 1225 1673 1267 praedicatur
1701 1222 1837 1264 imperii.

187 1281 263 1322 quia
287 1280 332 1311 sic
355 1280 449 1314 iuste,
480 1280 525 1310 sic
550 1279 683 1321 provide
707 1280 760 1320 agi
785 1280 965 1315 volucrunt,
997 1283 1033 1310 ut
1056 1290 1121 1310 non
1146 1279 1327 1309 districtum
1352 1278 1466 1308 iudicis
1497 1287 1626 1309 nomen.
1658 1275 1715 1306 scd
1739 1285 1837 1305 voca-
1857 1280 1882 1298 20

186 1332 298 1363 bulum
321 1332 369 1362 illi
394 1332 524 1373 pietatis
555 1332 770 1373 imponerent.
816 1331 913 1362 Iustis
944 1342 980 1362 ac
1012 1331 1132 1362 debitis
1162 1330 1360 1372 compendiis
1388 1333 1532 1360 nostrum
1564 1339 1622 1370 per
1652 1331 1684 1358 tc
1715 1329 1840 1357 creseat
1901 1327 1917 1354 4

186 1384 359 1415 aerarium.
398 1383 487 1414 lucra
503 1384 702 1418 rennuimus,
728 1394 810 1424 quae
828 1383 936 1425 legum
955 1387 1051 1414 cauta
1067 1382 1253 1424 profanant:
1278 1382 1435 1423 pecunias
1453 1381 1524 1411 illas
1541 1380 1698 1413 volumus,
1724 1378 1838 1420 quibus

186 1436 268 1467 libra
299 1436 443 1466 institiae
476 1435 682 1476 suffragatur.
729 1435 827 1466 aedes
860 1440 986 1466 nostras
1019 1435 1196 1476 nequitiam
1228 1444 1292 1464 non
1324 1434 1464 1475 patimur
1496 1432 1642 1466 introire,
1674 1431 1748 1472 quia
1779 1440 1838 1460 nec

186 1489 336 1530 privatim
360 1488 578 1518 intromittere
603 1498 774 1529 possumus
799 1498 896 1529 quam
921 1488 1052 1529 publica
1076 1497 1155 1517 voce
1180 1486 1380 1517 damnamus.
1426 1484 1562 1522 Audite,
1592 1483 1732 1519 iudices,
1764 1481 1839 1523 quid

185 1550 346 1575 amemus,
378 1540 478 1570 nolite
509 1539 597 1570 aliud
626 1540 658 1570 in
688 1539 808 1570 malum
835 1539 999 1581 publicum
1031 1539 1199 1581 suspicari.
1246 1548 1321 1569 nam
1352 1537 1402 1567 cui
1431 1547 1488 1567 vos
1518 1546 1577 1577 pcr
1608 1535 1734 1576 iniquas
1763 1544 1837 1575 pro·
1859 1540 1882 1556 ²7·

185 1593 327 1623 visiones
352 1581 483 1623 creditis
509 1602 582 1622 esse
606 1592 798 1633 placituros,
829 1602 901 1622 cum
925 1601 983 1621 nos
1008 1591 1214 1632 cognoscatis
1241 1590 1311 1621 sola
1334 1589 1389 1620 illa
1414 1588 1565 1629 diligere,
1595 1597 1677 1628 quae
1703 1589 1839 1628 possunt

185 1644 327 1676 iustitiae
352 1644 483 1675 monitis
508 1644 697 1675 convenire?
737 1643 854 1675 vestris
879 1644 943 1674 iam
968 1643 1112 1674 moribus
1136 1643 1291 1684 peccatis,
1317 1642 1343 1672 si
1368 1644 1444 1683 post
1464 1640 1527 1670 ista
1545 1639 1743 1680 delinquitis.
1782 1637 1840 1668 sed

187 1696 232 1727 illi
260 1696 344 1727 forte
374 1696 451 1727 talia
475 1696 653 1738 gesserint,
684 1696 737 1737 qui
763 1695 803 1726 ad
827 1695 1003 1737 dignitates
1029 1695 1096 1726 suis
1120 1694 1310 1736 parentibus
1336 1692 1517 1733 incognitas
1541 1692 1772 1732 pervenerunt:
1804 1692 1839 1719 tu

186 1751 261 1790 post
290 1749 391 1790 patris
419 1748 660 1790 praefecturam
691 1747 888 1778 laudabilem
920 1747 1041 1788 aliquid
1071 1746 1157 1788 quod
1188 1746 1303 1777 melius
1336 1744 1545 1787 praedicetur
1576 1742 1731 1782 adiunge,
1764 1741 1840 1782 quia

187 1801 374 1842 diligentior
399 1811 527 1843 semper
551 1800 650 1832 debet
675 1811 747 1832 esse
772 1800 826 1841 qui
851 1799 1007 1841 sequitur,
1033 1798 1109 1829 dum
1133 1799 1216 1830 bona
1241 1801 1412 1840 parentum
1438 1795 1649 1838 probabiliter
1673 1797 1705 1824 et
1721 1792 1838 1823 imitari
1858 1799 1882 1816 ³0

188 1853 336 1895 cupimus
368 1856 400 1884 et
428 1853 559 1884 vincere
589 1852 791 1883 festinamus.
837 1852 977 1883 Accedit
1007 1852 1103 1882 etiam
1134 1851 1196 1882 tuis
1221 1850 1387 1887 laudibus,
1418 1848 1503 1890 quod
1526 1847 1619 1878 dictis
1644 1845 1839 1888 prudentum
1901 1846 1919 1873 (5

187 1904 334 1946 probaris
358 1904 511 1935 imbutus.
550 1914 648 1944 grave
673 1906 722 1934 est
747 1903 888 1944 sapienti
913 1902 1088 1937 offendere,
1113 1902 1169 1932 ubi
1192 1902 1330 1933 alterum
1348 1901 1470 1942 reperit
1486 1899 1648 1930 incidisse.
1687 1898 1737 1927 ius
1754 1897 1838 1927 forte

187 1959 382 1998 praetereat,
407 1957 461 1998 qui
477 1956 548 1987 iura
564 1955 716 1987 nescivit:
743 1958 845 1985 totum
863 1965 881 1985 a
899 1958 930 1985 te
948 1954 1129 1995 legitimum
1154 1954 1329 1995 quaeritur,
1356 1953 1445 1984 cuius
1472 1952 1559 1992 origo
1585 1950 1715 1981 indocta
1739 1949 1838 1979 fuisse

187 2008 338 2039 nescitur.
389 2008 543 2050 aequales
579 2007 637 2038 tibi
670 2010 745 2038 sunt
776 2007 848 2037 libri
881 2009 1027 2038 veterum
1058 2009 1090 2036 ct
1121 2006 1267 2036 actiones
1299 2008 1480 2047 parentum.
1533 2006 1662 2044 praesta
1694 2000 1838 2042 opinioni

187 2062 276 2098 tuae,
308 2063 440 2102 praesta
469 2063 579 2091 nostro
610 2058 746 2097 iudicio,
778 2062 813 2090 ut
844 2059 946 2101 impar
977 2069 1040 2089 non
1070 2059 1113 2089 sis
1146 2058 1270 2089 meritis
1301 2068 1438 2099 quorum
1466 2055 1612 2097 aequasti
1643 2064 1701 2096 per
1730 2056 1839 2084 nostra
1858 2059 1881 2076 ³5·

186 2111 345 2143 beneficia
367 2112 554 2154 dignitates.

1903 1483 1920 1509 cg·

288 2261 594 2293 Bza'iifflffavfflml)

291 2342 304 2366 1
324 2340 462 2373 adhibitus]
482 2340 641 2365 inadliibitus
655 2339 706 2370 Ba,
725 2338 826 2363 habitus
840 2337 886 2361 Ha
968 2336 984 2360 12
1003 2341 1086 2368 tranq.
1106 2336 1151 2360 cel.
1174 2337 1221 2360 fae.
1239 2335 1267 2358 X
1344 2333 1360 2359 3
1379 2334 1486 2359 reddidit
1499 2333 1597 2357 BHG]
1643 2330 1767 2364 turbauit]
1782 2332 1839 2362 lui,

187 2385 331 2410 turbauerit
344 2383 568 2413 ZNMKFHGA,
586 2383 737 2407 turbauerat
751 2380 769 2404 Ῑ
870 2379 886 2403 5
904 2378 937 2410 et]
957 2379 1000 2410 qui
1014 2378 1090 2409 ΧΙΨ,
1108 2379 1150 2403 uel
1170 2383 1193 2403 et
1213 2379 1256 2410 qui
1273 2378 1289 2401 Ῐ
1292 2382 1305 2398 1¹
1405 2375 1419 2400 Τ
1440 2375 1549 2408 quando]
1570 2376 1691 2408 quomam
1706 2375 1728 2399 A
1796 2376 1836 2399 illa

187 2436 234 2452 om.
248 2427 300 2451 ΚΑ
371 2437 422 2452 non
443 2425 571 2459 probauit]
586 2425 691 2455 BHGI,
710 2423 887 2456 comprobauit
900 2422 1066 2452 ZsslKEFA,
1085 2431 1135 2446 non
1155 2421 1331 2454 comprobauit
1346 2421 1375 2444 X
1439 2421 1464 2445 in
1483 2421 1525 2444 illo
1545 2420 1601 2444 den.
1616 2419 1643 2442 X
1735 2420 1751 2443 ὃ
1771 2419 1839 2451 publ.

187 2471 226 2495 od.
241 2471 270 2494 N
347 2471 440 2495 affecta
454 2470 536 2494 E¹G¹
621 2466 781 2499 cunctorum]
802 2467 942 2491 amicorum
957 2466 982 2489 E
990 2466 997 2479 ¹
1081 2466 1118 2490 tui
1132 2465 1161 2489 Il
1269 2464 1284 2489 9
1303 2465 1453 2489 acebitatem
1468 2464 1510 2487 Ba
1580 2463 1688 2487 actionis
1708 2471 1754 2485 oni.
1770 2461 1844 2484 ΙΙΗΙ

238 2515 269 2539 de
288 2515 409 2539 dedecore
427 2513 471 2537 EI
592 2512 623 2536 10
642 2512 744 2544 profuse
765 2510 828 2534 Νι]
911 2509 1056 2534 laudandus
1075 2507 1111 2540 es]
1132 2509 1198 2539 Im,
1224 2509 1379 2533 laudandum
1398 2511 1435 2532 est
1454 2507 1508 2537 ΕΙ,
1537 2506 1664 2530 laudabile
1689 2509 1725 2528 est
1749 2505 1840 2535 reliqui

189 2557 218 2582 11
238 2567 309 2590 prou.
329 2558 387 2582 ben.
402 2557 476 2582 JIGI
578 2556 610 2580 12
629 2560 769 2587 temporum
789 2563 835 2578 om.
851 2554 879 2578 F
982 2552 1013 2577 14
1032 2551 1135 2585 quanto]
1156 2557 1226 2576 tantu
1240 2552 1281 2576 11⁷¹
1353 2551 1427 2575 suerit
1444 2550 1517 2574 Im]
1583 2553 1653 2573 tanta
1672 2546 1750 2579 nune]
1771 2553 1839 2571 num·

187 2610 257 2626 nunc
270 2599 469 2633 MVKIIGIHJ,
488 2604 589 2625 tantum
608 2598 793 2623 misericordiae
809 2598 831 2621 Α
933 2595 964 2620 15
983 2605 1044 2620 eura
1064 2595 1117 2626 tna]
1137 2595 1242 2625 BJIGJ,
1262 2600 1305 2619 tua
1325 2603 1386 2619 eura
1407 2594 1496 2625 reliqui
1604 2592 1633 2616 16
1652 2596 1777 2624 gradatur
1799 2590 1838 2614 Ι(1

188 2645 303 2677 impietas
322 2644 351 2668 K
410 2644 471 2668 lesis
489 2644 573 2668 F²Gss
670 2641 701 2666 18
720 2642 865 2673 quaerimus
889 2640 913 2663 Κ
977 2640 1045 2671 iosep
1058 2639 1117 2669 EF,
1136 2639 1237 2670 inseliep
1252 2639 1279 2662 Ι(
1339 2647 1353 2662 :1
1375 2635 1442 2668 bea!
1462 2637 1493 2660 :ul
1514 2636 1568 2659 ben⁴
1584 2635 1626 2658 12¹³
1720 2634 1750 2657 19
1770 2639 1840 2665 paror

188 2695 259 2719 prou.
279 2696 326 2712 om.
341 2687 370 2711 X
470 2686 504 2712 '20
527 2696 593 2711 noni.
613 2686 663 2710 iud.
678 2685 705 2709 lv*
806 2684 837 2708 21
859 2692 902 2716 per
921 2688 944 2707 te
964 2687 1039 2707 nostr.
1056 2682 1131 2707 Jltr'l
1235 2682 1268 2706 :22
1288 2682 1358 2705 luera
1376 2690 1424 2705 om.
1436 2679 1509 2703 Jltr'l
1610 2677 1644 2701 *23
1663 2678 1755 2701 intrare
1770 2677 1843 2699 ΙΙΗῙ

240 2739 287 2755 nec
306 2731 427 2763 priuatim
447 2729 558 2762 (priuata
574 2731 607 2755 ,1)
631 2729 796 2753 intromittere
816 2725 959 2760 possumus]
984 2735 1034 2750 non
1059 2727 1177 2758 priuatim
1197 2726 1356 2750 introducere
1375 2729 1422 2756 <pin
1443 2724 1457 2747 i.
1478 2731 1526 2746 non
1543 2724 1575 2743 1ιί
1597 2728 1730 2753 possumus
1751 2720 1839 2751 ‹possb

189 2782 244 2798 mus
260 2774 312 2803 (1¹2)
333 2774 407 2799 HGI
490 2773 523 2798 25
543 2773 720 2806 promissiones
740 2769 823 2803 J‹’¹[?]
928 2769 960 2794 Ξῖ
982 2768 1040 2801 ista]
1061 2770 1103 2793 illa
1119 2769 1143 2793 E
1246 2768 1279 2793 28
1299 2766 1371 2799 forte]
1392 2767 1476 2799 potius
1491 2765 1530 2789 ]2'¹
1601 2761 1735 2795 gesserint}
1752 2762 1839 2785 [xlm.

188 2822 321 2849 gesserunt
336 2818 428 2849 reliqui
489 2816 542 2849 qui]
563 2817 622 2849 quid
636 2816 682 2840 Hs
769 2814 803 2839 30
823 2815 878 2839 deb.
898 2811 964 2844 esse]
978 2812 1109 2843 JJXEIII,
1128 2821 1182 2836 csse
1201 2813 1256 2837 deb.
1273 2810 1429 2835 ZMKFGA
1502 2807 1622 2832 inmutari
1637 2807 1686 2835 (l'd,
1706 2805 1797 2829 mutari
1815 2805 1841 2827 ΙΙ

188 2859 221 2885 31
241 2861 404 2894 prudentium
418 2860 523 2884 XJIHI
624 2858 657 2884 33
676 2868 707 2884 a*
726 2863 750 2883 te
764 2858 788 2881 J:
858 2856 988 2889 quaeritur
1008 2864 1054 2880 unz..
1070 2855 1143 2879 ΠΗ]
1212 2857 1282 2887 origo
1301 2864 1349 2880 om.
1364 2854 1387 2877 Δ1
1459 2850 1545 2882 fnisse}
1566 2859 1619 2875 esse
1640 2849 1667 2873 F

1632 2895 1686 2921 3⁵2²*
