2279 3261
697 180 889 207 VARIARVM
912 180 973 207 1111.
993 181 1032 206 35.
1053 181 1094 206 3⁴3.
1114 180 1154 206 37.
1175 179 1215 205 33.
1235 180 1275 204 39.
1756 180 1806 209 131

162 270 282 302 sarium
306 278 498 311 provocasse
524 267 683 307 legaliter,
714 267 839 297 finitum
864 267 931 297 iure
956 267 1123 308 negotium
1149 266 1179 296 in
1208 276 1265 296 sua
1295 275 1425 296 manere
1456 265 1550 295 facite
1580 265 1745 296 firmitate.
1775 275 1814 295 ne

162 322 259 362 longa
283 320 429 362 quaestio
454 319 652 360 litigantium
678 329 740 349 non
766 322 830 349 tam
856 322 975 359 augeat
1000 319 1201 360 patrimonia..
1234 317 1288 348 scd
1316 321 1443 348 evertat
1468 321 1499 347 et
1525 317 1608 358 quod
1635 318 1669 348 fit
1693 317 1815 347 ambitu

164 373 256 411 lucri,
281 382 378 402 causa
401 370 549 402 videatur
574 381 645 400 esse
670 369 840 411 dispendii.

897 497 1092 529 XXXVIII.

613 567 788 599 FAVSTO
813 561 898 598 FPO
923 565 1246 597 ΤΗΕΟΒΕΗΙΟυῑε1
1272 566 1375 596 REX.
1633 593 1662 612 a·
1682 582 1817 623 507511

267 638 348 668 Cum
373 648 484 668 omnes
510 638 554 667 rei
580 637 729 679 publicae
754 640 885 666 nostrae
903 638 1013 677 partes
1032 634 1246 676 aequabiliter
1263 633 1487 665 desideremus
1504 635 1626 675 augeri,
1652 638 1818 665 crementa
1849 641 1859 658 5·

164 695 273 722 tamen
291 690 449 721 fiscalium
466 690 660 720 tributorum
680 689 857 719 iustissimo
875 692 950 719 sunt
967 687 1135 729 pensanda
1153 687 1280 718 iudicio.
1307 687 1383 727 quia
1400 686 1609 716 servientium
1635 686 1814 716 imminutio

166 745 215 773 est
244 742 338 772 huius
367 741 523 772 illationis
547 742 692 772 accessio
718 744 939 781 quantumque
963 751 1039 782 pars
1064 740 1121 770 illa
1144 738 1279 780 proficit,
1309 743 1432 768 tantum
1459 749 1493 768 sc
1519 738 1599 768 haee
1626 748 1644 768 a
1667 738 1818 768 firmitate

167 793 327 824 subducit.
375 793 432 824 sed
457 804 476 824 a
499 793 600 829 nobis,
633 793 685 833 qui
712 793 778 823 fisci
803 792 978 822 utilitatem
1003 791 1111 822 stabili
1138 791 1286 821 volumus
1312 789 1523 820 diuturnitate
1548 789 1735 823 consistere,
1762 799 1818 819 ex-

166 845 327 877 cludenda
352 848 402 876 est
426 844 633 886 dispendiosa
658 854 785 885 semper
810 844 1000 878 enormitas,
1033 853 1072 874 ne
1098 846 1272 883 augmento
1299 852 1355 872 suo
1381 846 1507 872 tumens
1537 851 1663 871 summa
1690 840 1821 871 deficiat

166 898 364 940 incipiatque
389 897 493 938 magis
518 897 644 930 deesse.
671 897 747 938 quia
770 896 954 927 immaniter
978 895 1048 926 visa
1073 899 1123 926 est
1147 895 1341 925 accrevisse.
1381 893 1521 923 Proinde
1542 892 1675 923 illustris
1693 892 1818 933 magni-

168 949 246 980 tudo
271 952 328 980 tua
353 948 590 980 Gravassianos
615 952 713 990 atque.
738 948 939 979 Pontonates
971 948 1064 979 nobis
1094 947 1295 989 supplicasse
1326 949 1501 987 cognoscat
1526 956 1544 976 a
1568 945 1736 977 Ianuario.
1766 943 1820 975 sed

167 1005 199 1033 et
223 1001 329 1033 Probo
355 1001 596 1032 discussoribus
622 1001 739 1041 iniquis
772 1011 806 1031 se
836 1000 989 1031 oneribus
1019 1000 1220 1040 ingravatos.
1254 1009 1325 1029 cum
1355 998 1509 1028 sterilitas
1540 997 1648 1028 ieiuna
1678 997 1822 1027 locorum

168 1053 258 1084 nulla
283 1053 346 1084 sibi
367 1053 437 1084 fieri
454 1056 630 1093 augmenta
647 1053 798 1093 patiatur.
837 1056 1039 1093 repugnante
1059 1051 1217 1092 siquidem
1236 1054 1349 1081 natura
1369 1050 1533 1091 quaelibet
1550 1049 1634 1079 cedit
1652 1048 1820 1079 industria.

169 1116 229 1136 nec
259 1105 393 1147 prodest
422 1104 563 1136 studium
595 1104 715 1135 laboris
745 1103 946 1145 impendere.
978 1114 1072 1145 quem
1099 1103 1231 1134 ubertas
1255 1102 1316 1133 loci
1341 1112 1404 1132 non
1429 1101 1633 1142 cognoscitur
1657 1100 1822 1131 adiuvare.

168 1157 214 1188 ibi
243 1160 352 1199 potest
383 1167 500 1188 census
531 1155 621 1187 addi.
653 1156 707 1186 ubi
738 1156 864 1186 cultura
892 1155 1076 1197 profecerit.
1124 1154 1197 1185 inde
1228 1157 1260 1184 et
1288 1153 1374 1184 varia
1407 1153 1542 1187 tributa,
1573 1152 1649 1193 quia
1677 1162 1740 1182 non
1772 1155 1822 1182 est
1857 1159 1866 1175 ·›

170 1219 320 1250 agrorum
357 1219 422 1240 una
455 1208 646 1240 fecunditas.
702 1208 808 1247 Atque
846 1206 917 1237 ideo
955 1205 1222 1237 consuetudinem
1259 1205 1305 1236 eis
1342 1204 1511 1246 pristinam
1547 1213 1717 1235 censemus
1750 1214 1823 1234 esse

169 1260 392 1295 revocandam,
416 1264 452 1291 ut
476 1260 559 1290 sicut
584 1258 764 1289 Odovaeris
790 1261 936 1300 tempore
961 1258 1080 1288 tributa
1106 1258 1282 1294 solverunt,
1312 1257 1357 1287 ita
1381 1260 1414 1287 ct
1438 1266 1521 1286 nunc
1547 1255 1586 1286 ab
1612 1255 1658 1286 eis
1683 1255 1823 1297 publicis

168 1312 365 1343 utilitatibus
390 1312 565 1343 serviatur:
592 1315 623 1341 et
649 1311 675 1341 si
701 1310 775 1351 quid
801 1310 938 1351 amplius
964 1310 1120 1351 probatur
1144 1309 1316 1346 adiectum.
1342 1307 1600 1339 consideratione
1623 1307 1823 1338 defectarum

170 1364 286 1394 virium
311 1373 562 1395 summovemus.
613 1363 762 1393 nolumus
789 1362 873 1392 enirn
898 1362 963 1392 tale
989 1361 1109 1402 aliquid
1136 1361 1242 1391 indici.
1268 1360 1353 1401 quod
1378 1360 1418 1390 sit
1443 1370 1580 1390 necesse
1604 1359 1774 1389 removeri.

895 1524 1106 1557 XXXVIIII.

545 1594 864 1626 THEODAHADO
887 1588 930 1624 v·
947 1588 977 1625 I·
1003 1591 1323 1624 THEODERIOUS
1348 1591 1451 1622 REX.
1642 1618 1671 1638 a,
1690 1608 1825 1647 :mmm

276 1665 365 1696 Inter
394 1668 536 1703 ceteras,
566 1664 681 1706 quibus
712 1664 886 1694 humanum
917 1674 1020 1704 genus
1050 1663 1252 1692 sollicitatur.
1284 1661 1465 1691 inlecebras
1495 1660 1671 1702 praecipue
1696 1658 1827 1689 vitanda

173 1722 222 1749 est
251 1718 430 1748 alienarum
459 1727 564 1748 rerum
598 1717 699 1758 turpis
732 1716 881 1751 ambitio,
915 1716 989 1756 quia
1020 1715 1051 1745 in
1082 1715 1273 1745 immensum
1308 1714 1427 1743 iactata
1458 1712 1591 1753 rapitur,
1626 1711 1652 1741 si
1685 1711 1828 1741 iustitiae

171 1769 370 1812 ponderibus
387 1779 450 1799 non
467 1772 643 1810 prematur.
683 1768 849 1798 avaritiam
877 1767 1037 1808 siquidem
1061 1766 1201 1797 radicem
1228 1776 1299 1796 esse
1325 1765 1465 1795 omnium
1491 1764 1647 1794 malorum
1673 1766 1704 1793 et
1728 1763 1823 1793 lectio
1858 1773 1866 1801 ,³

171 1822 279 1853 divina
303 1824 451 1857 testatur,
482 1831 565 1861 quae
591 1820 647 1850 tali
672 1824 756 1850 sorte
782 1820 892 1861 punita
917 1823 973 1853 est,
1006 1823 1040 1849 ut
1064 1829 1136 1849 cum
1163 1818 1265 1848 inulta
1289 1817 1404 1857 rapiat.
1436 1826 1564 1856 semper
1588 1819 1695 1855 egeat,
1728 1825 1823 1855 quam

173 1878 306 1916 propter
330 1873 530 1903 vicinitatem
555 1872 684 1912 generis
710 1871 811 1901 nostri
837 1871 882 1901 sie
908 1871 939 1901 in
964 1870 1078 1900 animis
1104 1870 1220 1900 vestris
1246 1868 1429 1899 coalescere
1455 1867 1614 1901 nolumus.
1639 1870 1673 1896 ut
1698 1866 1744 1896 illi
1768 1876 1828 1896 nec
1868 1879 1871 1888 ι

174 1926 267 1957 initia
291 1924 519 1956 concedamus.
565 1922 650 1958 Quid
675 1923 761 1954 enim
786 1922 907 1953 faciunt
933 1921 1043 1953 sordes
1066 1922 1246 1952 animorum
1272 1920 1303 1950 in
1329 1919 1502 1961 splendore
1527 1918 1705 1949 natalium?
1752 1916 1831 1948 illud

174 1982 206 2008 te
235 1977 341 2018 potius
372 1975 465 2007 decet
495 1975 631 2016 eligere.
664 1974 747 2016 quod
778 1985 834 2005 nos
864 1974 967 2016 possit
995 1984 1120 2004 ornare.
1167 1972 1299 2003 Hamali
1330 1971 1495 2012 sanguinis
1520 1970 1621 2000 virum
1647 1980 1711 2000 non
1736 1968 1831 1999 decet

175 2029 309 2070 vulgare
328 2027 538 2063 desiderium,
564 2027 638 2068 quia
654 2037 757 2067 genus
783 2036 873 2056 suum
900 2025 1059 2067 conspicit
1085 2035 1156 2056 esse
1181 2026 1404 2065 purpuratum.
1444 2022 1641 2063 corrigamus
1666 2021 1775 2062 itaque
1799 2023 1830 2051 te

176 2091 233 2123 per
257 2081 470 2111 incitamenta
495 2079 673 2120 praeconii.
698 2079 729 2108 in
755 2088 817 2119 quo
842 2077 947 2108 adhuc
972 2087 1035 2107 non
1060 2076 1217 2107 debemus
1243 2086 1315 2106 esse
1341 2075 1488 2105 districti.
1534 2073 1697 2104 Domitius
1721 2073 1831 2113 itaque

175 2134 224 2164 vir
249 2132 439 2175 spectabilis
464 2131 541 2162 data
565 2131 657 2161 nobis
682 2130 920 2171 supplicatione
946 2132 1143 2169 conquestus
1169 2130 1231 2165 est,
1262 2126 1487 2168 possessiones
1518 2125 1596 2155 iuris
1628 2125 1690 2163 sui⁷
1720 2124 1751 2154 id
1782 2126 1831 2154 est

177 2185 266 2215 illam
291 2187 389 2224 atque
413 2183 512 2221 illam,
537 2183 577 2213 ab
603 2182 788 2213 hominibus
814 2181 929 2212 vestris
956 2180 1116 2221 neglectis
1142 2179 1267 2219 legibus
1293 2178 1393 2209 fuisse
1412 2187 1577 2219 pervasaS,
1602 2175 1676 2206 dum
1696 2175 1831 2205 civiliter

177 2236 319 2278 oportuit
351 2236 466 2277 recipi.
504 2235 530 2265 si
564 2235 632 2265 iure
664 2234 835 2264 videbatur
864 2232 1009 2274 exposci.
1061 2231 1125 2262 Sed
1157 2232 1231 2272 quia
1260 2230 1299 2261 de
1329 2230 1420 2260 vobis
1452 2239 1513 2259 non
1543 2227 1683 2269 patimur
1712 2227 1831 2257 diutius

178 2287 318 2318 obscura
341 2287 468 2325 iactari,
497 2287 551 2328 qui
574 2286 705 2327 generis
731 2285 878 2315 claritate
904 2284 1049 2325 fulgetis.
1083 2283 1246 2324 praesenti
1271 2281 1464 2312 auctoritate
1490 2289 1675 2312 censemus,
1707 2282 1742 2308 ut
1772 2279 1830 2308 im-

283 2407 542 2440 LRKPIII(X)E(F)

285 2486 298 2511 1
312 2495 429 2519 procasse
441 2486 469 2510 K
519 2494 551 2510 m.
566 2485 642 2509 facite
656 2484 747 2514 (facias
760 2482 792 2513 E,
805 2491 851 2507 om.
864 2482 902 2507 Fi
915 2480 989 2513 firm]
1005 2481 1081 2505 facias
1094 2481 1158 2505 firm.
1172 2488 1239 2504 man.
1251 2479 1288 2503 A?
1337 2478 1377 2511 uc]
1392 2487 1438 2503 nec
1452 2478 1473 2502 Ι)
1551 2476 1567 2501 2
1581 2481 1672 2509 urgeat
1686 2476 1736 2500 EF
1780 2474 1832 2507 sed]

181 2538 257 2561 quam
273 2529 325 2554 ΚΑ
413 2529 427 2554 7
447 2527 534 2561 huius]
557 2527 701 2552 huiu'smodi
716 2526 740 2550 P
796 2530 1031 2558 quantumcumque
1047 2523 1099 2548 EF
1153 2524 1198 2547 hee
1218 2530 1244 2546 so
1258 2522 1282 2546 R
1375 2521 1404 2546 11
1425 2522 1592 2553 grauasianos
1607 2519 1713 2544 MXEA
1774 2527 1834 2551 pon-

184 2576 286 2597 tonatas
301 2572 331 2603 P,
349 2576 502 2605 pontonates
521 2570 647 2595 K¹XEF
713 2568 766 2601 sed]
787 2569 883 2593 scilieet
896 2568 922 2592 E
1027 2567 1058 2592 13
1077 2575 1163 2599 augm.
1183 2566 1236 2590 fieri
1252 2566 1288 2589 Ae
1397 2564 1427 2589 14
1447 2564 1576 2589 laboribus
1591 2563 1619 2587 K
1724 2561 1753 2586 17
1773 2562 1833 2593 ydo-

182 2617 267 2640 uacris
286 2616 315 2640 K
428 2615 460 2640 18
483 2620 508 2640 et
532 2624 578 2639 om.
598 2613 651 2639 EF
725 2613 851 2637 abiectum
872 2611 899 2636 K
976 2609 1186 2641 consideratione]
1212 2608 1396 2633 consuetudine
1416 2607 1473 2635 EF,
1496 2616 1542 2631 0111.
1562 2606 1603 2630 K¹
1722 2604 1754 2629 ’.22
1780 2612 1831 2636 rap.

182 2659 241 2683 iact.
254 2658 278 2682 R
364 2658 398 2683 23
416 2659 529 2683 omnium
547 2657 629 2682 0711.Ιί
716 2654 749 2679 ‘24
769 2653 865 2687 punita]
884 2654 989 2679 LRPA,
1008 2654 1085 2686 potita
1098 2652 1209 2677 MXEF
1259 2660 1308 2684 qua
1324 2650 1500 2676 PMbE2FA.
1518 2658 1585 2681 ‹lua›
1600 2649 1640 2672 Ε1
1734 2647 1766 2672 25
1785 2645 1832 2678 sie]

183 2702 203 2725 si
222 2701 251 2725 K
342 2702 434 2726 nostris
453 2701 538 2725 JIEF
626 2699 750 2723 calescere
772 2698 824 2721 EF
914 2698 1033 2722 uolumus
1054 2696 1128 2720 EFA
1263 2694 1296 2719 26
1322 2694 1420 2718 ininitia
1440 2693 1487 2716 ,1Ιῆ
1622 2690 1653 2714 27
1678 2688 1780 2721 bannali]
1804 2689 1834 2715 Ii'.

182 2745 257 2769 amali
272 2744 302 2775 P,
319 2745 410 2768 amalis
420 2744 470 2772 La,
489 2744 598 2768 hamulis
615 2742 704 2768 LbA‘:
723 2750 807 2765 amare
821 2740 932 2765 JJXEF
1028 2739 1060 2764 '28
1079 2748 1133 2763 csse
1153 2748 1238 2771 consp.
1253 2738 1301 2762 LR
1363 2736 1456 2768 itaque]
1477 2744 1536 2767 ergo
1550 2734 1602 2759 EF
1698 2732 1729 2756 22⁹
1749 2733 1834 2755 incita-

184 2786 279 2819 menta]
305 2788 460 2812 incrementa
480 2787 508 2810 K
580 2786 706 2810 constricti
731 2784 756 2807 K
862 2783 891 2807 :31
919 2783 1036 2807 omnibns
1056 2782 1084 2805 K
1193 2781 1225 2806 32
1250 2781 1387 2813 oportuerit
1408 2778 1536 2803 MA'EFA
1614 2775 1676 2807 iure]
1698 2777 1721 2799 in
1742 2784 1767 2799 re
1788 2775 1836 2798 AY.

186 2830 220 2853 irc
240 2830 278 2853 ΑΕ
348 2830 467 2854 uideatur
490 2830 526 2852 Ae

1634 2864 1682 2889 171⁴·

1846 1596 1870 1614 20
