2279 3261
817 168 1009 194 VARIARVM
1030 168 1090 198 1111,
1110 169 1150 193 51.
1758 170 1815 198 139

160 258 294 288 virtutes
319 255 527 286 necessariae
553 255 612 286 sibi
637 266 709 285 esse
737 254 918 285 videantur.
967 254 1013 284 his
1038 255 1157 284 levium
1184 254 1355 295 pinnarum
1380 254 1530 284 acumina
1556 253 1627 284 ideo
1653 254 1683 283 in
1708 254 1813 284 fronte

160 309 345 350 pinguntur,
376 307 524 348 quoniam
556 317 666 338 carum
695 318 810 337 sensus
835 307 932 337 celeri
959 307 1154 347 cogitatione
1181 307 1357 336 subvectus
1384 317 1433 336 res
1459 306 1635 337 altissimas
1661 307 1815 337 intuetur.

159 360 364 391 Pantomimo
394 359 502 400 igitur,
537 359 586 389 cui
618 370 636 390 a
666 359 841 389 multifaria
873 359 1050 389 imitatione
1080 368 1196 388 nomen
1230 362 1293 391 est,
1330 369 1400 388 cum
1434 358 1571 399 primum
1602 359 1631 388 in
1663 368 1814 388 scaenam
1901 360 1919 387 9

159 411 328 454 plausibus
358 411 514 441 invitatus
545 411 725 443 advenerit,
763 411 920 441 assistunt
949 410 1082 440 consoni
1113 410 1201 440 chori
1234 410 1367 440 diversis
1398 410 1528 451 organis
1559 410 1686 442 eruditi.
1738 414 1813 440 tun<-

160 465 215 495 illa
247 474 401 495 sensuum
434 474 549 494 manus
581 463 681 494 oculis
715 474 870 494 canorum
904 473 1033 493 carmen
1068 463 1204 503 exponit
1238 466 1269 493 et
1301 472 1356 503 por
1386 462 1477 501 signa
1509 462 1689 502 composita
1724 462 1815 502 quasi
1849 469 1858 484 Γ·

161 516 354 557 quibusdam
378 515 493 546 litteris
519 515 635 545 edocet
659 515 814 545 intuentis
841 518 1023 556 aspectum,
1053 515 1083 544 in
1109 514 1227 554 illaque
1254 514 1407 554 leguntur
1431 514 1539 554 apices
1566 524 1671 544 rerum
1696 517 1727 544 et
1751 524 1814 544 non

161 567 331 598 scribendo
356 567 432 597 facit
457 566 539 607 quod
565 567 724 608 scriptura
751 567 937 598 declaravit.
979 566 1063 596 idem
1089 576 1204 606 corpus
1224 565 1398 596 Herculem
1425 565 1575 606 designat
1592 569 1624 595 ct
1641 565 1814 599 Venerem,

161 620 313 650 feminam
338 621 527 660 praesentat
551 618 582 648 in
607 629 705 650 marc.
737 629 847 659 regem
872 619 948 648 facit
974 622 1006 648 et
1030 617 1178 648 militem,
1212 628 1323 647 senem
1350 617 1454 647 reddit
1480 621 1511 647 et
1535 618 1695 651 iuvenem,
1727 621 1761 647 ut
1786 618 1815 647 in

161 681 224 702 uno
249 670 362 701 credas
388 680 461 700 esse
486 670 605 701 multos
630 674 694 700 tam
722 671 809 701 varia
827 670 1004 700 imitatione
1022 669 1192 700 discretos.
1232 668 1349 698 Minius
1368 669 1475 702 etiam,
1502 669 1554 709 qui
1574 679 1657 699 nune
1675 672 1815 699 tantum-
1886 672 1920 699 10

162 722 256 754 modo
282 722 401 753 derisui
426 721 575 755 habetur,
606 725 695 751 tanta
720 721 919 751 Philistionis
946 721 1074 751 cautela
1098 724 1247 761 repertus
1273 723 1337 755 est,
1368 724 1402 750 ut
1427 720 1496 750 eius
1522 723 1614 750 actus
1640 724 1817 761 poneretur
1838 728 1860 745 ¹1·

161 775 193 805 in
210 774 337 811 litteris,
363 777 523 815 quatenus
542 773 697 803 mundum
715 773 798 803 curis
817 773 971 803 edacibus
990 775 1195 803 aestuantem
1214 772 1401 802 laetissimis
1421 772 1591 802 sententiis
1609 776 1816 813 temperaret.

163 826 248 862 Quid
272 826 518 857 acetabulorum
544 825 699 855 tinnitus?
747 825 822 866 quid
848 824 1028 855 dulcissimi
1055 824 1125 854 soni
1149 824 1288 854 referam
1314 824 1401 854 varia
1432 824 1640 864 percussione
1671 824 1817 854 modula—
1886 826 1914 854 11

163 880 256 908 men?
303 877 387 919 quod
417 880 507 908 tanta
535 877 640 917 gratia
669 876 877 907 iucunditatis
907 876 1073 918 accipitur,
1105 879 1140 905 ut
1172 876 1255 905 inter
1280 876 1420 916 reliquos
1447 886 1562 906 sensus
1587 876 1731 906 auditum
1756 876 1816 906 sibi

163 930 202 960 ad
233 940 349 960 munus
380 939 540 960 summum
570 932 645 959 tunc
675 929 824 959 homines
856 929 1029 959 aestiment
1061 928 1159 958 fuisse
1191 927 1354 958 collatum.
1408 927 1460 957 ubi
1492 930 1581 958 aetas
1616 927 1818 968 subsequens

163 982 301 1012 miscens
325 981 450 1011 lubrica
474 981 653 1022 priscorum
680 981 813 1011 inventa
837 981 936 1010 traxit
960 979 999 1010 ad
1025 979 1101 1010 vitia
1128 983 1159 1009 ct
1184 979 1268 1020 quod
1293 979 1450 1010 honestae
1475 990 1574 1010 causa
1592 979 1817 1009 delectationis
1839 986 1860 1003 17·

165 1036 328 1075 repertum
360 1036 424 1070 est,
458 1032 498 1063 ad
529 1032 712 1074 voluptates
743 1043 916 1073 corporeas
948 1032 1170 1073 praecipitatis
1200 1031 1362 1062 mentibus
1387 1031 1594 1073 impulerunt.
1640 1031 1711 1061 Hos
1735 1032 1814 1062 ritus
1888 1032 1922 1060 12

164 1085 304 1116 Romani
329 1085 413 1116 sicut
436 1088 561 1115 ceteras
587 1084 733 1115 culturas
759 1084 799 1114 ad
818 1095 908 1114 suam
928 1094 993 1114 rem
1012 1084 1175 1125 publicam
1195 1083 1351 1113 inutiliter
1370 1083 1535 1114 trahentes
1553 1083 1736 1114 aedificium
1754 1083 1819 1113 alta

165 1137 360 1178 cogitatione
378 1138 568 1178 conceptum
586 1136 852 1177 magnanimitate
879 1135 1017 1166 mirabili
1044 1134 1265 1165 condiderunt.
1306 1134 1390 1165 unde
1416 1146 1479 1165 non
1504 1135 1652 1166 inmerito
1677 1134 1820 1165 ereditur

164 1188 339 1230 Pompeius
370 1188 442 1218 hinc
470 1188 580 1229 potius
604 1187 744 1229 Magnus
777 1188 877 1218 fuisse
909 1187 1078 1217 vocitatus.
1125 1189 1157 1216 et
1187 1186 1259 1216 ideo
1288 1187 1356 1217 sive
1388 1187 1540 1217 masculis
1565 1186 1637 1228 pilis
1663 1186 1818 1217 contineri

165 1241 232 1272 sive
249 1240 322 1271 talis
340 1240 465 1271 fabrica
482 1240 670 1271 refectionis
688 1239 792 1270 studio
818 1239 961 1281 potuerit
986 1238 1143 1273 innovari,
1168 1248 1331 1279 expensas
1356 1238 1446 1268 vobis
1470 1238 1509 1269 de
1535 1242 1644 1269 nostro
1671 1238 1818 1269 eubiculo
1839 1246 1863 1262 2⁴⁹

166 1293 349 1324 curavimus
373 1291 549 1326 destinare
574 1296 609 1323 ut
634 1296 666 1323 et
690 1291 782 1323 vobis
808 1291 998 1332 adquiratur
1022 1295 1086 1321 tam
1112 1290 1186 1320 boni
1205 1291 1312 1332 operis
1330 1290 1415 1320 fama
1433 1294 1465 1320 et
1482 1290 1600 1320 nostris
1617 1289 1818 1331 temporibus

166 1344 314 1376 videatur
336 1345 512 1386 antiquitas
539 1343 709 1375 decentius
734 1344 896 1374 innovata.

270 1465 446 1497 LRKPE(F)

270 1543 283 1568 1
298 1543 403 1576 leuium]
417 1552 478 1568 uero
490 1544 517 1568 K
559 1552 699 1575 pennarum
712 1544 748 1567 ,10
828 1543 843 1567 3
857 1542 1006 1575 imitatione]
1021 1543 1161 1567 mutatione
1175 1542 1214 1566 E⁴³
1298 1542 1314 1567 4
1328 1541 1437 1574 organis]
1452 1543 1535 1566 choris
1547 1542 1587 1566 Ba
1674 1542 1689 1566 ᾗ
1703 1550 1766 1574 sgna
1779 1541 1820 1565 Lu

166 1586 181 1612 6
202 1586 306 1619 illaque]
327 1588 421 1619 illaque
440 1596 505 1619 quae
524 1587 562 1611 L²
652 1587 772 1618 legantur
795 1587 817 1610 lz'
938 1585 951 1610 7
972 1585 1041 1618 facit]
1062 1587 1122 1610 sarit
1145 1586 1190 1613 El„
1215 1587 1283 1610 satur
1303 1585 1373 1609 E²F
1454 1585 1598 1610 declaratur
1618 1585 1645 1609 F
1758 1584 1774 1608 S
1794 1585 1818 1608 iu

167 1629 244 1662 mare]
259 1631 284 1654 in
298 1631 359 1655 mari
372 1630 394 1654 A
402 1635 420 1661 Γ,
439 1631 528 1654 minari
542 1629 572 1658 P,
591 1635 614 1654 et
634 1639 727 1654 marem
742 1630 779 1653 21⁵¹
862 1629 878 1652 5»
896 1628 1026 1661 discretos]
1047 1629 1159 1653 decretos
1175 1629 1208 1655 K,
1228 1629 1334 1653 dieertos
1352 1629 1387 1652 E¹
1438 1629 1521 1653 minus
1536 1628 1589 1653 ΚΕ
1671 1627 1701 1652 11
1723 1628 1820 1652 leuissi-

166 1674 213 1698 mis
227 1674 255 1698 F
356 1673 388 1698 13
407 1672 484 1706 quod]
505 1682 555 1705 quo
570 1673 623 1697 EF
726 1672 757 1697 14
777 1672 829 1704 ubil
851 1676 879 1697 ut
894 1673 916 1696 A
1021 1671 1050 1695 17
1071 1671 1202 1703 inutiliter]
1223 1672 1320 1696 utiliter
1334 1672 1394 1695 1¹²]
1498 1670 1530 1696 18
1549 1671 1671 1702 creditur]
1692 1671 1784 1695 dicitur
1798 1671 1826 1695 F

168 1716 198 1741 19
222 1718 372 1749 pompegius
391 1716 440 1740 LR
519 1725 629 1749 magnus
654 1726 701 1741 ωιιΔ
720 1716 743 1740 Ιί
856 1715 889 1740 20
913 1714 979 1746 talis]
1005 1720 1043 1739 tas
1064 1715 1092 1738 K
1168 1715 1252 1739 cubile
1277 1715 1299 1738 [ι’
1411 1714 1440 1738 21
1462 1720 1514 1738 tam
1534 1724 1580 1739 om.
1597 1714 1649 1738 EF
1725 1713 1819 1746 operis]

167 1761 275 1784 hominis
294 1760 348 1784 EF

1617 2860 1667 2885 15⁴⁴·
