2279 3261
375 707 393 735 w

452 177 513 206 374
1171 169 1382 196 CASSIODORI

1231 307 1323 338 XVI.

1114 375 1436 407 CANONICARIA·
1752 403 1781 423 a.
1800 392 1862 423 537
1885 395 1957 423 (mie
1981 392 2061 431 Sept.
2081 395 2099 423 1

555 447 697 489 Tempus
722 449 884 477 ammonet
910 445 1059 476 humanis
1085 445 1182 476 rebus
1206 444 1428 475 indesinenter
1452 443 1704 479 accommodum,
1730 443 1804 474 dum
1823 455 1874 474 res
1892 444 1983 474 nobis
2002 445 2099 475 etiam

454 510 584 540 asperas
613 501 741 539 captata
772 508 901 539 semper
933 497 1175 538 opportunitate
1206 495 1371 531 conciliat,
1405 498 1439 525 ut
1467 495 1648 525 illationum
1676 495 1835 525 fiscalium
1860 506 1970 526 euram
1994 506 2101 526 annua

454 551 631 581 festivitate
661 560 864 591 reparemus.
896 548 1023 590 quando
1054 548 1100 578 rei
1128 547 1280 589 publicae
1309 546 1386 577 ordo
1411 547 1466 577 tali
1491 547 1669 577 consistere
1695 548 1840 578 cernitur
1863 548 2022 578 instituto,
2070 551 2102 578 et

414 609 424 626 -ἰ
454 602 568 632 merito
600 602 759 637 votivum,
793 600 878 642 quod
907 611 964 642 pro
996 602 1185 630 cunctorum
1216 599 1356 629 utilitate
1380 601 1574 639 praestatur.
1621 598 1784 639 diligenda
1809 602 1884 629 sunt-
1907 599 1984 633 ista,
2014 598 2100 629 unde

414 866 438 884 10

415 1125 436 1142 15·

415 1384 439 1401 20

422 2062 446 2078 :zo

454 664 505 683 res
531 653 660 694 publica
684 652 810 683 videtur
835 662 908 683 esse
932 651 1131 684 firmissima.
1159 660 1239 691 quae
1264 650 1339 680 dum
1364 650 1520 681 redeunte
1546 660 1644 680 censu
1668 650 1821 685 reficitur,
1848 653 1951 680 status
1976 650 2023 680 sui
2048 650 2101 680 fir-

455 705 597 735 missimo
621 705 736 735 robore
762 704 954 734 continetur.
1001 702 1210 743 Quapropter
1230 712 1348 742 magna
1371 705 1421 732 est
1439 701 1584 742 quolibet
1600 705 1746 743 tempore
1765 705 1945 732 monstrata
1961 701 2101 739 devotio,

455 756 512 786 sed
537 760 612 786 tunc
637 756 800 796 acceptior
825 755 978 791 redditur,
1003 753 1130 795 quando
1154 754 1343 784 necessaria
1366 754 1438 794 plus
1462 753 1608 784 habetur.
1648 752 1828 794 praebeant
1850 753 1948 794 igitur
1968 764 2101 794 posses-

455 818 543 838 sores
574 807 735 848 stipendia
767 818 845 837 suae
878 806 1003 847 gratiae
1036 805 1214 846 profutura.
1267 804 1411 835 debitum
1443 804 1601 845 siquidem
1633 804 1716 845 quod
1749 815 1812 835 non
1841 808 1949 846 potest
1977 805 2101 843 evitari,

456 870 557 900 prona
581 859 680 889 debet
705 861 813 889 mente
839 867 967 899 semper
992 857 1116 891 offerri,
1148 860 1183 887 nt
1206 857 1262 887 fiat
1286 856 1493 891 beneficium„
1525 856 1609 897 quod
1635 857 1703 887 sine
1729 857 1950 898 compulsione
1976 861 2103 888 constat

456 912 590 941 illatum.
637 911 746 951 Atque
777 910 865 944 idem
898 909 982 950 quod
1011 909 1148 940 feliciter
1178 909 1298 939 dictum
1326 908 1381 943 sit„
1415 918 1472 949 per
1502 907 1711 938 indictionem
1741 908 1874 949 primam
1906 909 1937 939 in
1961 908 2103 940 dioecesi

456 966 511 993 tua
534 973 755 1003 possessorem
782 965 813 991 te
838 961 1055 1002 praecipimus
1080 971 1279 995 ammonere,
1304 964 1339 990 ut
1363 960 1446 990 trina
1466 959 1610 990 illatione
1629 964 1757 990 servata
1774 971 1881 991 assem
1899 961 2103 991 tributarium

456 1014 592 1044 devotus
618 1014 775 1051 exsolvat,
800 1013 951 1054 quatinus
970 1023 1030 1043 nec
1050 1012 1166 1053 aliquis
1184 1022 1217 1042 se
1236 1012 1296 1042 sub
1314 1012 1485 1042 immatura
1503 1011 1725 1052 compulsione
1744 1012 1936 1052 ingemiscat
1953 1016 2103 1043 exactum

456 1076 515 1096 nec
545 1066 661 1096 iterum
692 1065 883 1095 remissione
913 1065 1074 1106 protelata
1103 1065 1271 1105 quisquam
1302 1075 1336 1094 se
1365 1063 1452 1094 dieat
1477 1074 1548 1093 esse
1573 1063 1796 1104 praeteritum.
1844 1064 1951 1094 nullus
1976 1064 2103 1105 quanti-

457 1121 556 1148 tatem
584 1117 690 1148 iustae
724 1116 969 1158 ponderationis
1000 1115 1139 1146 excedat
1170 1115 1275 1156 sitque
1307 1115 1390 1145 libra
1413 1115 1603 1145 iustissima:
1637 1114 1752 1145 modus
1778 1126 1841 1145 non
1866 1115 1926 1146 erit
1950 1115 2104 1156 rapiendi,

455 1170 479 1199 si
503 1168 645 1210 pondera
670 1169 718 1199 fas
744 1169 784 1199 sit
809 1167 937 1198 excedi.
986 1167 1214 1208 Expensarum
1240 1177 1365 1207 quoque
1390 1166 1518 1197 fidelem
1541 1166 1687 1197 notitiam
1708 1177 1766 1207 per
1783 1170 1957 1208 quaternos
1975 1178 2105 1198 menses

457 1220 496 1251 ad
522 1220 641 1251 scrinia
664 1222 775 1250 nostra
799 1219 1003 1250 sollemniter
1027 1218 1219 1250 destinabis,
1244 1222 1278 1248 ut
1303 1218 1399 1248 totius
1426 1218 1542 1249 erroris
1565 1218 1762 1249 obscuritate
1781 1218 1910 1249 detersa
1927 1219 2105 1249 rationibus

456 1272 593 1314 publicis
619 1272 738 1302 veritas
764 1272 940 1302 elucescat.
981 1270 1037 1301 sed
1064 1281 1125 1311 quo
1150 1270 1276 1300 facilius
1302 1270 1406 1311 possis
1432 1270 1563 1300 iuvante
1588 1269 1648 1300 deo
1674 1280 1756 1310 quac
1782 1273 1855 1300 sunt
1880 1274 2002 1301 statuta
2019 1281 2105 1301 eom-

457 1324 560 1365 plerc.
592 1324 682 1354 illum
712 1327 807 1364 atque
839 1323 927 1353 illum
957 1323 1042 1353 sedis
1072 1326 1200 1353 nostrae
1230 1322 1349 1352 milites
1375 1322 1433 1352 tibi
1458 1322 1628 1362 officioque
1653 1325 1707 1352 tuo
1734 1322 1950 1363 periculorum
1975 1333 2106 1353 suorum

458 1386 618 1406 memores
643 1375 858 1416 praecipimus
884 1375 1062 1413 imminere,
1087 1374 1237 1416 quatinus
1259 1373 1344 1414 quod
1367 1374 1516 1414 agnoscis
1538 1374 1672 1405 iussum.
1698 1373 1939 1415 inculpabiliter
1956 1375 2108 1405 sortiatur

458 1428 618 1458 effectum.
671 1437 749 1457 cave
781 1437 857 1465 ergo
889 1437 928 1457 ne
960 1429 991 1457 te
1021 1429 1076 1457 aut
1105 1425 1272 1467 improbae
1303 1425 1533 1467 redemptionis
1564 1428 1619 1455 aut
1649 1426 1805 1466 torpentis
1837 1425 1980 1456 desidiae
2011 1426 2107 1468 eulpa

459 1479 613 1520 respiciat
637 1482 668 1509 et
692 1478 776 1519 quod
802 1477 957 1519 expedire
983 1477 1179 1517 neglexeris,
1204 1477 1267 1507 tuis
1294 1476 1412 1507 inferat
1436 1477 1553 1507 damna
1577 1477 1724 1507 fortunis.

1230 1605 1338 1636 XVII.

652 1676 845 1707 IOHANNI
870 1675 1151 1712 LIQUATARIO
1176 1674 1442 1706 RAVENNATI
1467 1674 1789 1705 ATHALARICUS
1815 1674 1918 1706 REX.

562 1745 699 1776 Munitio
726 1746 894 1776 civitatum
919 1757 993 1787 spes
1019 1749 1068 1776 est
1094 1749 1182 1776 certa
1207 1748 1406 1777 cunctorunn
1432 1744 1560 1785 quando
1585 1744 1616 1774 in
1641 1755 1721 1785 pace
1747 1744 1786 1775 ab
1812 1746 1933 1775 exteris
1957 1745 2108 1785 gentibus

417 1805 440 1822 τῖ’
461 1797 610 1831 discitur,
646 1797 730 1838 quod
763 1798 922 1828 veraciter
952 1798 982 1827 in
1017 1797 1194 1827 certamine
1228 1797 1389 1827 timeatur.
1442 1796 1538 1837 plena
1569 1799 1618 1826 est
1649 1796 1734 1826 enim
1765 1796 1901 1827 diversis
1934 1796 2108 1837 generibus

462 1849 624 1879 hominum
650 1848 806 1879 habitatio
831 1849 959 1880 urbium
985 1849 1196 1889 singularum.
1243 1849 1314 1889 quis
1341 1848 1427 1879 novit
1452 1858 1523 1878 cum
1549 1858 1612 1889 qua
1636 1851 1733 1888 gente
1758 1848 1930 1888 confligat?
1971 1848 2109 1890 ideoque

461 1910 573 1931 omnes
602 1900 722 1931 debent
754 1911 933 1941 agnoscere
962 1900 1047 1941 quod
1077 1901 1192 1931 futuris
1224 1901 1371 1931 hostibus
1397 1903 1523 1941 gratum
1548 1911 1611 1930 non
1636 1900 1677 1930 sit
1701 1899 1801 1931 adire.
1848 1904 2045 1942 quapropter
2068 1911 2109 1931 ex

461 1954 572 1982 nostra
603 1952 746 1982 iussione
776 1962 985 1993 possessores
1015 1962 1199 1983 ammonere
1229 1951 1372 1985 curabis,
1406 1955 1441 1982 ut
1470 1952 1560 1982 iuxta
1589 1954 1729 1982 montem
1761 1950 1950 1993 Caprariuni
1979 1955 2011 1983 et
2040 1953 2110 1983 loca

462 2003 669 2034 circumiecta
692 2004 791 2033 muris
817 2004 981 2034 fovearum
1008 2004 1151 2044 ingentia
1175 2014 1230 2034 ora
1253 2003 1436 2044 pandantur
1458 2003 1597 2044 talisque
1622 2003 1665 2033 ibi
1683 2006 1792 2044 pateat
1809 2003 1926 2042 hiatus,
1951 2007 1985 2034 ut
2001 2004 2108 2034 nullus

466 2054 511 2085 ibi
536 2055 736 2095 relinquatur
760 2055 920 2085 introitus.
960 2066 1025 2085 cur.
1051 2054 1182 2086 nefandi
1203 2055 1362 2088 homines,
1388 2055 1634 2096 perscrutamini
1651 2065 1800 2085 accessus
1819 2055 1971 2092 inlicitos,
1996 2055 2109 2096 quibus

464 2108 628 2146 portarum
653 2106 851 2147 permittitur
876 2106 1012 2137 licenter
1037 2107 1220 2147 ingressus?
1268 2106 1377 2137 nescio
1403 2105 1478 2146 quid
1503 2105 1658 2137 videmini
1682 2109 1811 2146 tegere,
1836 2107 1890 2147 qui
1914 2107 2022 2148 palam
2047 2118 2109 2138 non

565 2217 851 2248 BZA'Jfflavyfflan:
870 2218 895 2241 lli
913 2223 962 2242 tres
982 2227 1028 2242 om.
1048 2227 1086 2249 est.
1102 2218 1132 2243 1⁴5

565 2286 581 2310 ⁵..)
600 2287 719 2311 admouet
739 2287 764 2310 E
826 2286 896 2318 dum]
919 2287 961 2312 des
981 2287 1028 2318 Ζλ,
1047 2297 1094 2312 οηι.
1115 2287 1168 2311 EF
1227 2292 1251 2311 et
1279 2287 1336 2311 nob.
1357 2287 1385 2311 K
1478 2286 1494 2311 3
1513 2286 1710 2319 opportunitate]
1731 2288 1849 2320 opinione
1869 2288 1944 2312 ΚΕΛ
2007 2289 2111 2314 adlatie-

464 2338 524 2353 num
538 2329 562 2353 L:
615 2328 710 2361 annua]
726 2330 809 2354 anime
824 2330 863 2353 12¹2·
949 2330 964 2354 4
985 2329 1096 2362 quando]
1110 2334 1207 2362 quanto
1217 2330 1249 2360 B,
1267 2330 1387 2362 quoniam
1399 2330 1421 2353 A
1477 2330 1592 2354 instituto
1607 2334 1631 2354 et
1644 2331 1732 2355 merito
1747 2330 1872 2363 uotiuum]
1887 2332 1977 2363 scripsi
1989 2331 2032 2361 (cf.
2043 2341 2064 2356 r.
2075 2331 2111 2364 4),

463 2373 478 2395 i.
498 2376 522 2395 ct.
541 2381 572 2396 in.
594 2381 617 2396 u.
638 2373 725 2396 sistere
744 2373 856 2397 cernitur
876 2371 990 2403 (cernere
1004 2374 1091 2397 sistere
1105 2373 1153 2403 Za,
1172 2374 1284 2397 cernitur
1302 2374 1390 2398 sistere
1404 2372 1487 2402 ZbN)
1507 2374 1573 2403 libri,
1592 2382 1638 2398 om.
1652 2374 1674 2397 sl
1763 2375 1778 2398 ὃ
1797 2373 1883 2406 igitur]
1903 2383 1962 2407 ergo
1975 2375 2003 2398 ,Ν
2056 2384 2111 2407 pos-

463 2424 531 2439 sores
546 2415 574 2438 X
655 2416 670 2439 9
689 2415 824 2448 stipendia]
843 2417 874 2445 il,
893 2417 1016 2448 stipendie
1031 2416 1062 2447 Β,
1081 2417 1200 2449 stipendii
1213 2416 1367 2447 ZbXKEF,
1386 2417 1540 2449 stipendium
1555 2417 1595 2440 Za
1678 2416 1709 2441 10
1728 2416 1820 2449 mente]
1840 2422 1889 2442 mte
1904 2417 1932 2441 N
2011 2418 2039 2442 11
2060 2419 2111 2442 dio-

465 2458 514 2482 cesi
533 2458 666 2487 IJZKEF,
686 2458 795 2482 dictione
815 2459 837 2482 ,⁷1
958 2459 988 2483 13
1007 2460 1127 2484 deuotum
1148 2460 1171 2483 Β
1253 2461 1333 2492 aliqui
1353 2460 1377 2484 A
1456 2459 1638 2492 compulsione]
1658 2462 1791 2485 exactione
1811 2462 1834 2484 A
1916 2462 2068 2494 ingemescat
2088 2462 2112 2485 B

467 2501 496 2524 14
516 2500 650 2533 protelata]
671 2502 769 2533 «scripsi,
797 2502 875 2526 letata
895 2502 961 2532 libri,
986 2503 1081 2527 lentata
1101 2503 1122 2526 sl
1212 2504 1280 2527 dieat
1299 2511 1324 2527 se
1344 2503 1374 2526 N
1457 2504 1592 2535 praetitum
1612 2503 1642 2526 N
1723 2503 1900 2536 quantitatem]
1928 2505 2069 2536 quantitam
2088 2504 2112 2528 Β

463 2542 520 2573 (em,
541 2553 570 2568 m.
591 2550 653 2575 rec.)
759 2544 790 2569 15
809 2545 890 2576 sitque
910 2545 974 2569 libra
993 2544 1056 2575 (lira
1079 2545 1111 2571 Κ)
1132 2544 1202 2577 inst.]
1222 2546 1253 2569 sit
1273 2545 1321 2577 (sp.
1340 2554 1392 2570 rac.
1413 2545 1428 2569 S
1448 2546 1505 2577 litt.)
1524 2547 1582 2570 iust.
1602 2546 1626 2570 B
1696 2547 1798 2571 modum
1820 2547 1845 2571 I<
1950 2547 1981 2572 16
2000 2546 2110 2580 quoqne]

464 2595 513 2617 que
532 2586 562 2610 X
685 2586 715 2610 17
735 2587 873 2611 declinabis
893 2588 915 2611 A
1047 2587 1076 2612 IS
1097 2589 1175 2620 possit
1195 2589 1217 2612 ,l
1314 2589 1367 2613 iuu.
1392 2587 1446 2620 [leo]
1468 2589 1499 2619 Β,
1527 2590 1573 2614 dee
1596 2590 1649 2614 iun.
1672 2590 1763 2621 reliqui
1857 2589 1961 2623 statuta]
1983 2591 2015 2621 B,
2042 2591 2111 2615 insti-

463 2633 519 2653 tuta
540 2629 691 2653 ZNKEFA
771 2631 920 2662 compellere
940 2630 1049 2663 EF¹[·?]
1163 2631 1194 2655 21
1215 2631 1402 2664 redemptionis]
1424 2641 1441 2656 r.
1461 2633 1581 2663 quatinus
1600 2633 1719 2664 quatinus
1739 2633 1768 2656 A*
1878 2632 1911 2658 22
1929 2634 2069 2666 neglexerit
2088 2634 2115 2658 Ε

464 2671 497 2696 ‘24
516 2672 581 2704 spes]
607 2673 702 2705 species
723 2673 755 2696 H
837 2673 946 2705 qnando]
976 2675 1093 2705 quoniam
1114 2675 1135 2697 A
1264 2674 1297 2699 ⁴25
1316 2675 1408 2699 dicitur
1428 2675 1459 2698 H
1549 2674 1680 2707 ueraciter]
1705 2676 1869 2708 singulariter
1888 2676 1962 2701 HG]
2045 2677 2112 2701 enim

465 2724 512 2739 0111..
529 2715 629 2739 XHGI
689 2716 809 2747 gentibus
828 2716 875 2739 III
971 2716 1004 2740 22ss
1023 2717 1153 2741 hominum
1174 2726 1220 2741 om.
1241 2717 1282 2741 N]
1380 2717 1412 2742 2?
1432 2718 1506 2742 debet
1524 2718 1557 2742 H
1622 2727 1673 2742 non
1692 2719 1725 2743 sit
1742 2728 1779 2751 gr.
1800 2719 1851 2742 ZN
1917 2718 1995 2751 adire]
2015 2719 2113 2751 scripsi,

465 2759 552 2782 andire
572 2759 630 2783 libri
743 2758 776 2783 28
795 2763 823 2783 nt
842 2758 921 2791 iuxta]
942 2768 972 2784 ex
992 2761 1059 2784 iusta
1078 2760 1110 2783 II
1184 2761 1261 2792 loqua
1280 2761 1310 2784 H
1422 2760 1455 2785 ‘29
1474 2761 1625 2786 circoniecta
1644 2760 1677 2790 X,
1695 2761 1865 2786 circumuecta
1884 2762 1988 2786 EFJIG
2075 2763 2112 2786 in-

464 2802 578 2833 gentiora
598 2801 650 2825 HG
725 2802 865 2834 pandentur
884 2802 918 2833 B,
935 2803 1078 2827 condantur
1098 2803 1121 2826 A
1192 2804 1270 2828 nullis
1289 2803 1322 2827 H
1420 2803 1454 2828 30
1473 2805 1507 2829 ibi
1526 2813 1573 2828 ont.
1594 2804 1617 2828 A
1687 2813 1800 2829 accessos
1820 2805 1844 2828 Z
1944 2804 1976 2829 31
1997 2805 2064 2837 qnod
2084 2805 2114 2828 H
