2279 3261
399 1454 416 1482 [Q

431 745 455 763 10

434 1252 456 1269 15

477 190 534 219 144
1193 184 1405 211 CASSIODORI

472 274 595 311 veniat,
631 273 829 313 incognitum
861 283 917 303 vos
952 271 1073 302 habere
1108 272 1274 307 dixerunt.
1311 282 1406 313 quam
1442 274 1516 301 ante
1549 281 1660 301 omnes
1694 270 1842 301 homines
1875 270 1980 312 patria
2012 273 2122 302 vestra

475 326 632 356 offerente
658 324 832 366 suscipitis.
880 324 960 355 haec
985 323 1125 365 quodam
1150 323 1300 354 Cornelio
1325 322 1551 353 describente¹
1577 321 1695 361 legitur
1719 322 1751 352 in
1775 321 1985 352 interioribus
2009 322 2121 353 insulis

473 376 595 408 Oceani
631 387 672 407 ex
708 376 831 407 arboris
868 386 944 406 suco
979 375 1140 411 defluens,
1176 375 1261 406 unde
1298 378 1330 405 et
1363 375 1508 404 sucinum
1545 373 1670 409 dicitur,
1707 373 1864 414 paulatim
1899 373 1973 403 solis
2007 373 2121 404 ardore

475 428 669 459 coalescere.
716 428 769 458 Fit
800 428 884 458 enim
918 427 1056 458 sudatile
1088 427 1270 458 metallum.
1303 425 1486 456 teneritudo
1519 425 1707 465 perspicua,
1739 425 1834 455 modo
1868 435 1982 455 croceo
2016 425 2122 456 colore

474 480 604 517 rubens,
631 478 724 509 modo
749 479 899 510 flammea
922 479 1071 510 claritate
1095 479 1325 519 pinguescens,
1350 481 1394 508 ut.
1425 488 1497 507 cum
1521 477 1552 506 in
1576 477 1673 506 maris
1699 476 1795 506 fuerit
1819 476 1952 518 delapsa
1976 477 2121 514 confinio.

474 535 566 562 aestu
601 531 785 562 alternante
817 534 934 573 purata
965 531 1081 561 vestris
1114 530 1263 560 litoribus
1294 529 1441 560 tradatur
1474 528 1633 569 exposita.
1688 527 1773 569 quod
1806 527 1877 558 ideo
1910 528 2122 559 iudicavimus

472 582 694 619 indicandum.
726 594 766 613 ne
797 582 926 613 omnino
956 582 1077 623 putetis
1109 582 1256 612 notitiam
1282 586 1425 611 nostram
1451 581 1581 621 fugere.
1613 580 1698 621 quod
1723 580 1885 611 occultum
1911 580 2043 611 creditis
2068 590 2123 610 vos

473 635 605 666 habere.
647 634 781 676 proinde
800 635 953 675 requirite
971 645 1029 664 nos
1049 634 1180 674 saepius
1207 644 1263 674 per
1286 633 1364 665 vias.
1390 644 1469 674 quas
1494 643 1583 663 amor
1607 635 1717 663 vester
1740 633 1874 673 aperuit,
1898 632 1971 672 quia
1996 642 2125 673 semper

474 686 606 728 prodest
630 687 763 717 divitum
789 697 901 727 regum
928 685 1090 725 adquisita
1115 684 1296 717 concordia.
1322 685 1385 725 qui.
1417 684 1492 715 dum
1518 695 1616 726 parvo
1642 694 1775 714 munere
1800 684 1973 715 leniuntur.
2003 683 2123 713 maiore

474 748 603 780 semper
620 738 885 779 compensatione
903 737 1112 778 prospiciunt.
1154 736 1263 777 aliqua
1286 736 1377 766 vobis
1403 737 1499 766 etiam
1525 747 1582 777 per
1607 736 1731 775 legatos
1757 739 1883 766 vestros
1908 735 2007 766 verbo
2032 745 2123 765 man-

475 789 632 825 davimus,
658 799 715 830 per
739 799 827 829 quos,
853 799 935 829 quae
960 791 1052 829 grata
1078 798 1148 818 esse
1174 787 1326 823 debeant.
1359 798 1416 818 nos
1442 788 1627 819 destinasse
1653 787 1865 818 declaramus

1271 969 1333 1000 III.

737 1037 986 1069 HONORATO
1006 1031 1099 1069 Ῠ·Ϊ·
1125 1037 1387 1074 QUAESTORI
1411 1037 1730 1069 THEODERICUS
1755 1037 1858 1068 REX.

1785 1100 1814 1119 a.
1835 1090 1895 1119 524
1917 1091 1990 1119 ante
2010 1088 2091 1128 Sept.
2108 1091 2125 1119 1

580 1140 649 1171 Usu
674 1140 804 1182 quidem
829 1142 977 1182 provenit
1003 1141 1084 1172 bene
1109 1143 1240 1173 meritos
1265 1142 1349 1172 dona
1373 1145 1484 1173 nostra
1508 1142 1686 1183 suscipere:
1711 1141 1769 1172 sed
1793 1145 1827 1172 tu
1852 1142 1920 1172 iure
1940 1141 2126 1172 hereditatis

477 1193 633 1234 principis
658 1192 716 1223 tibi
741 1193 900 1224 beneficia
926 1193 1104 1225 vindicasti.
1151 1194 1304 1224 honorem
1337 1194 1442 1224 fratris
1472 1193 1676 1235 adipisceriS.
1707 1194 1780 1234 quia
1810 1193 1969 1234 sapientia
2000 1203 2125 1234 quoque

476 1255 651 1285 germanus
685 1255 730 1275 es.
781 1245 820 1275 ab
854 1245 974 1275 eisdem
1007 1245 1098 1276 bonis
1131 1256 1193 1275 non
1225 1245 1413 1286 repellimus
1443 1256 1537 1286 quem
1571 1245 1706 1275 similem
1740 1244 1998 1286 comprobamus.
2050 1248 2126 1275 eant

476 1306 561 1326 nunc
586 1299 739 1337 parentes
764 1307 801 1327 ac
825 1297 920 1327 liberi
945 1301 977 1327 et
1002 1297 1159 1327 bonarum
1184 1297 1300 1327 artium
1325 1296 1431 1327 studia
1454 1297 1662 1327 incitamento
1680 1296 1896 1327 similitudinis
1914 1296 2127 1327 aemulentur.

477 1358 592 1378 novam
617 1348 648 1378 in
672 1351 703 1379 te
728 1348 865 1379 fecimus
891 1349 998 1389 legem
1024 1352 1177 1390 parentes
1203 1349 1233 1379 in
1259 1349 1548 1379 amministratione
1573 1348 1759 1380 succedere.
1800 1349 1850 1379 hic
1873 1351 2045 1390 provectus
2064 1358 2126 1378 non

478 1399 630 1430 adimitur
654 1403 685 1431 et
708 1404 866 1431 mutatur:
893 1402 967 1442 quia
991 1401 1065 1432 licet
1089 1412 1229 1442 persona
1255 1401 1428 1441 subrogata
1453 1401 1503 1436 sit.
1528 1401 1671 1431 familiae
1695 1404 1804 1431 tamen
1829 1410 1892 1430 non
1916 1399 2025 1431 deficit
2042 1399 2127 1441 quod

479 1452 682 1493 gratissimus
717 1463 891 1493 germanus
928 1452 1076 1494 adquirit.
1132 1453 1158 1483 O
1190 1464 1266 1483 vere
1303 1453 1419 1483 vestris
1454 1453 1576 1483 meritis
1613 1452 1708 1483 electi
1743 1455 1774 1482 et
1810 1452 1954 1493 auspicio
1991 1452 2127 1482 nominis

435 1511 444 1528 2
478 1503 641 1534 honorati!
689 1504 914 1545 praesentiunt
939 1505 1098 1546 quaedam
1123 1508 1274 1546 parentes
1300 1504 1413 1545 positis
1439 1504 1469 1534 in
1494 1504 1584 1544 prole
1609 1503 1775 1534 vocabulis
1801 1507 1832 1534 et
1862 1507 1897 1534 ut
1921 1506 2127 1534 venturarum

478 1566 584 1586 rerum
616 1566 728 1586 cursus
760 1567 801 1587 ex
831 1557 897 1587 alto
928 1560 977 1588 est
1007 1557 1141 1597 imperio
1167 1555 1359 1591 divinitatis.
1392 1556 1547 1596 cogitatio
1571 1556 1797 1596 praesagantis
1822 1556 2007 1586 instruitur:
2041 1555 2127 1596 loqui

479 1607 582 1644 datur,
618 1607 703 1648 quod
739 1619 797 1638 nos
830 1609 973 1639 sensisse
1006 1609 1182 1639 nescimus.
1220 1608 1276 1639 sed
1308 1612 1382 1649 post
1413 1618 1523 1638 casum
1558 1608 1794 1638 reminiscimur
1825 1607 1910 1648 quod
1942 1607 2128 1648 ignorantes

478 1659 639 1690 veraciter
670 1659 867 1691 dixeramus,
919 1660 990 1691 Tali
1021 1661 1120 1701 igitur
1152 1661 1256 1690 omine
1292 1660 1474 1690 Decoratus
1507 1660 1641 1690 evaluit:
1678 1659 1814 1693 evaluit.
1846 1659 1991 1700 inquam,
2023 1669 2059 1690 ac
2093 1670 2127 1690 se

478 1711 653 1742 honoribus
679 1712 831 1753 palatinis
856 1712 975 1743 iudicio
999 1716 1108 1743 nostro
1134 1712 1283 1743 laudatus
1306 1712 1490 1745 immiscuit.
1515 1711 1705 1752 dignitatem
1724 1721 1855 1741 sumens
1874 1721 1968 1752 quam
1987 1711 2128 1741 solemus

438 1770 455 1788 ἐκ
481 1763 557 1794 dare
593 1763 820 1804 prudentibus.
859 1764 917 1795 hoc
950 1765 1045 1805 plane
1079 1775 1175 1805 supra
1208 1768 1336 1795 ceteros
1368 1763 1568 1805 adipiscens.
1604 1762 1688 1804 quod
1721 1763 1824 1804 potuit
1857 1773 2023 1804 emergere
2055 1766 2130 1803 post

481 1816 614 1847 electos.
663 1816 721 1846 sub
745 1817 832 1857 genii
857 1817 958 1847 nostri
984 1817 1056 1848 luce
1082 1816 1260 1857 intrepidus
1292 1816 1437 1856 quidem.
1469 1815 1524 1846 sed
1557 1818 1744 1846 reverenter
1773 1814 1915 1851 astabat,
1947 1817 2128 1856 opportune

481 1868 614 1902 tacitus,
645 1869 829 1899 necessarie
855 1869 1018 1910 copiosus.
1050 1878 1197 1899 curarum
1223 1872 1403 1898 nostrarum
1430 1867 1584 1898 eximium
1610 1867 1773 1900 levamen.
1805 1870 1836 1897 et
1862 1877 1933 1897 culn
1959 1866 2129 1908 potestatis

482 1922 611 1950 nostrae
648 1920 751 1960 gratia
785 1920 951 1951 ditaretur.
989 1930 1111 1950 morum
1147 1919 1250 1960 magis
1285 1918 1380 1949 laude
1417 1922 1586 1949 contentus
1618 1918 1834 1949 mediocribus
1866 1929 1901 1948 se
1932 1918 2039 1959 potius
2073 1928 2129 1948 ex-

482 1971 653 2011 aequabat.
700 1972 779 2002 vivit
804 1971 888 2012 apud
915 1983 971 2002 nos
994 1971 1178 2002 recordatio
1209 1971 1382 2002 bonorum.
1413 1971 1487 2011 quia
1516 1970 1596 2001 fides
1626 1970 1763 2000 hominis
1792 1970 1896 2001 nescit
1926 1980 1997 2000 cum
2028 1973 2130 2001 morte

586 2108 759 2139 LRKPEOE)

588 2185 601 2209 1
622 2187 702 2210 onmis
716 2187 744 2210 K
838 2186 853 2211 2
872 2187 996 2211 scribente
1012 2187 1128 2211 KEFAe
1227 2187 1242 2210 -“3
1261 2187 1370 2210 defluere
1387 2186 1424 2210 Ρ2
1522 2185 1537 2210 4
1556 2187 1668 2210 sudacile
1684 2186 1711 2210 J<
1773 2186 1903 2211 metallum
1923 2195 1969 2210 um.
1985 2185 2013 2209 F
2075 2194 2131 2210 cun-

487 2229 575 2260 Spieua
596 2229 649 2253 EF
750 2230 765 2255 5
785 2231 894 2254 confinia
913 2230 938 2253 Ε
1041 2228 1056 2253 6
1075 2234 1184 2262 purgata
1205 2229 1266 2253 PAe
1338 2228 1462 2261 tradatur]
1482 2229 1601 2253 credatur
1620 2229 1644 2252 P
1746 2228 1760 2253 7
1780 2228 1820 2262 ne]
1841 2238 1891 2253 non
1907 2229 1955 2259 Pa,
1978 2232 2008 2253 ut
2026 2227 2131 2253 1101in

485 2271 500 2295 9
519 2270 572 2303 qui]
593 2272 654 2303 quia
674 2272 701 2295 K
769 2273 858 2297 maiori
872 2272 899 2296 F
1001 2271 1033 2297 10
1051 2270 1146 2303 aliqua]
1167 2272 1217 2296 alia
1233 2272 1254 2295 L
1362 2270 1392 2295 13
1415 2270 1487 2303 hene]
1509 2272 1533 2295 in
1553 2272 1617 2296 bene
1630 2272 1671 2295 Pa
1777 2271 1809 2296 14
1828 2272 1912 2296 fratris
1931 2280 1978 2296 om.
1993 2271 2022 2295 K
2089 2272 2132 2296 ad-

484 2315 609 2346 ispisceris
630 2314 657 2338 K
761 2314 792 2339 1ἷ)
811 2325 860 2339 non
880 2325 927 2340 mn.
943 2316 988 2339 Ka
1058 2314 1124 2347 eant]
1145 2315 1215 2340 Pale.
1240 2319 1299 2339 eant
1318 2315 1349 2339 al.
1370 2316 1432 2339 fiant
1453 2315 1474 2338 A
1482 2319 1500 2344 Υ,
1526 2315 1589 2338 liant
1608 2314 1739 2338 LRKEF
1846 2314 1877 2339 16
1896 2315 2063 2339 solicitudinis
2082 2314 2136 2338 EF

486 2356 517 2381 17
541 2358 567 2381 in
591 2356 624 2389 te]
651 2358 702 2382 uite
722 2358 771 2388 ΕΙ,
797 2359 853 2382 inde
874 2358 957 2382 E2F²
1068 2358 1098 2383 18
1121 2357 1158 2390 et]
1183 2359 1226 2382 sed
1250 2363 1274 2382 et
1294 2359 1323 2383 P.
1348 2359 1390 2382 sed
1411 2358 1451 2381 ΑΓ
1526 2356 1595 2389 licet]
1619 2358 1677 2382 licet
1700 2362 1724 2382 et
1743 2358 1767 2381 P
1841 2356 1901 2389 non]
1926 2366 2018 2382 nomen
2041 2366 2090 2382 non
2110 2357 2134 2381 P

487 2399 518 2423 19
540 2404 616 2424 uestr.
642 2409 694 2424 uer.
716 2400 742 2424 l(
853 2400 886 2425 ‘20
909 2402 1053 2433 pcsentiunt
1074 2401 1113 2425 F¹
1190 2402 1215 2425 in
1240 2400 1318 2433 prole]
1344 2401 1446 2432 inprobe
1466 2400 1506 2424 Pa
1583 2405 1609 2424 ut
1633 2409 1679 2424 um.
1699 2401 1726 2424 F
1835 2399 1865 2424 ⁸21
1891 2400 2072 2432 praesagientis
2092 2399 2132 2422 11¹²

486 2442 518 2467 23
537 2443 638 2467 homine
658 2443 731 2466 LEA
804 2444 897 2468 eualeit
917 2445 1014 2468 eualuit
1033 2444 1073 2467 [Αἰ
1179 2443 1212 2468 25
1230 2452 1306 2476 super
1324 2444 1350 2467 P
1418 2444 1572 2475 adispiscens
1594 2443 1620 2466 Κ
1722 2442 1755 2467 '29
1775 2441 1893 2474 hominis]
1914 2443 1986 2467 bonis
2007 2442 2034 2466 F

592 2563 616 2589 1)
639 2564 770 2589 Cornelius
788 2565 887 2589 Taclrm
902 2568 1048 2590 ‹J'er2›1.4(›.·
1066 2567 1153 2590 dextro
1173 2566 1273 2590 Suebici
1294 2566 1370 2589 maris
1388 2565 1460 2589 lit-»re
1475 2565 1617 2589 Aestiorum
1636 2569 1724 2596 gentes
1743 2564 1882 2588 adluuntur
1901 2583 1906 2588 .
1919 2583 1923 2587 .
1935 2583 1940 2588 .
1952 2582 1957 2587 .
1975 2572 2044 2588 mare
2063 2572 2132 2588 scru-

487 2612 572 2631 tantur
591 2616 621 2631 ac
640 2608 686 2632 soli
706 2609 818 2632 onmium
838 2609 967 2637 sucinum,
992 2610 1059 2640 quod
1079 2610 1126 2641 ipsi
1144 2610 1257 2641 glaesum
1278 2612 1382 2634 vocant,
1406 2609 1471 2632 inter
1489 2608 1555 2632 vada
1573 2612 1649 2639 atque
1668 2607 1693 2631 in
1713 2607 1766 2639 ipso
1785 2607 1857 2631 litore
1876 2607 1977 2639 legunt,
2002 2615 2048 2631 nec
2067 2615 2132 2638 quae

488 2654 581 2674 natura
600 2659 698 2682 quaeve
718 2652 779 2675 ratio
798 2652 899 2683 gignat,
926 2656 953 2676 ut
976 2653 1092 2676 barbaris
1116 2652 1259 2683 quaesitum
1283 2655 1470 2683 compertumve
1551 2659 1640 2675 sucum
1664 2654 1747 2674 tamen
1772 2648 1890 2674 arborum
1913 2658 1966 2674 esse
1990 2650 2131 2681 intellegas,

488 2694 547 2725 quia
573 2697 672 2718 terrena
699 2695 823 2725 quaedam
847 2698 923 2726 atque
949 2696 1025 2719 etiam
1050 2695 1162 2719 volucria
1192 2695 1312 2718 animalia
1340 2694 1488 2725 plerumque
1516 2694 1679 2720 interlucent,
1708 2701 1774 2724 quae
1801 2692 1929 2724 implicata
1960 2701 2046 2717 umore
2075 2701 2132 2716 mox

487 2736 635 2761 durescente
661 2737 768 2761 materia
794 2738 940 2762 eluduntur.
982 2739 1128 2762 secundiora
1152 2739 1235 2769 itaque
1262 2746 1362 2761 nemora
1391 2738 1512 2769 lucosque
1536 2757 1541 2761 .
1558 2757 1583 2761 ..
1613 2736 1755 2760 Occidentis
1783 2736 1873 2760 insulis·
1901 2736 2023 2767 terrisque
2051 2736 2133 2760 inesse

488 2780 648 2809 crediderim,
676 2781 769 2812 quibus
796 2782 883 2805 sucina
913 2780 990 2812 (quae
1014 2782 1091 2805 vicini
1116 2781 1238 2806 traditur)
1264 2781 1323 2804 solis
1348 2781 1425 2804 radiis
1451 2788 1570 2812 expressa
1595 2783 1672 2811 atque
1697 2779 1821 2810 liquentia.
1846 2779 1871 2802 in
1897 2779 2039 2811 proximum
2064 2787 2133 2803 mare

488 2823 611 2847 labuntur
630 2832 660 2848 ac
680 2824 703 2847 vi
723 2827 901 2855 tempestatum
921 2824 945 2847 in
965 2825 1073 2848 adversa
1092 2825 1164 2848 litora
1183 2824 1321 2848 exundant.
