2279 3261
382 1250 399 1278 [ὑ

456 199 516 229 288
1173 195 1384 222 CASSIODORJ

455 284 513 314 hos
539 284 667 314 habetis
691 283 812 313 iudices
838 294 917 324 quos
942 286 1105 323 parentes».
1146 292 1163 312 o
1189 284 1371 323 temporum
1397 281 1559 321 singulare
1584 280 1807 322 praeconium!
1847 280 1935 310 curia
1956 280 2101 311 Romana

456 336 635 376 completur
659 346 762 376 paene
787 338 896 365 vestra
920 334 1056 364 familia:
1089 344 1165 364 ecce
1192 344 1264 363 vere
1294 344 1378 363 nunc
1410 343 1508 363 unum
1538 332 1707 362 dicendum
1738 335 1787 362 est
1816 342 1944 373 corpus,
1974 332 2101 373 quando

456 391 584 417 constat
610 387 703 417 vicini
729 386 788 416 sibi
813 386 942 426 generis
969 386 1123 415 societate
1150 385 1356 426 permixtum.
1405 384 1468 415 Sed
1494 395 1557 414 non
1581 384 1726 414 remittas
1752 384 1876 414 animos
1908 383 2102 414 confidentia

456 444 582 469 tuorum
607 449 665 469 nec
691 438 803 469 credas
828 449 923 479 posse
949 438 1110 473 sufficere„
1135 437 1220 478 quod
1245 437 1301 467 tibi
1326 437 1459 477 contigit
1483 436 1521 466 de
1545 436 1671 466 illorum
1689 434 1930 476 praedicatione
1948 435 2102 475 gaudere.

426 498 435 514 ἴ»
457 491 527 531 plus
559 491 699 531 exigitur
730 490 824 520 heres
855 490 1027 527 bonorum,
1059 489 1185 530 quando
1218 489 1285 519 sine
1316 489 1495 519 cessatione
1526 487 1738 528 compellitur.
1770 487 1823 528 qui
1854 487 2009 517 maiorum
2038 487 2102 517 vir-

417 757 439 773 lo

420 1205 442 1221 15

423 1464 446 1479 ·.·o

428 1981 451 1999 31]

458 543 581 573 tutibus
606 542 807 572 admonetur.
855 541 936 572 adde
961 541 1073 572 laudes
1105 542 1270 582 egregias:
1301 540 1483 571 senioribus
1515 539 1577 570 tuis
1607 549 1746 579 sequens
1776 542 1866 569 aetas
1896 549 1968 568 cum
1997 538 2104 579 aliqua

458 594 614 635 opinabili
639 594 781 624 novitate
807 592 970 623 succedat.
1010 603 1083 623 nan]
1108 593 1133 623 si
1158 593 1333 633 gloriosum
1360 595 1410 622 est
1433 591 1574 632 posteris
1599 591 1701 621 avitas
1727 589 1903 620 extendere
1921 589 2103 626 facultates,

458 649 577 686 quanto
603 645 823 686 praestantius
849 648 897 675 est
921 644 1133 675 hereditarias
1158 654 1278 685 augere
1304 644 1452 674 virtutes!
1499 652 1605 673 mores
1629 646 1700 672 tuos
1725 641 1904 672 domestica
1932 651 2103 671 conversa-

457 696 544 726 tione
570 696 788 727 laudavimus:
821 696 878 726 sed
902 697 1004 726 maius
1029 696 1150 736 aliquid
1174 706 1257 726 nunc
1283 695 1378 726 decet
1402 694 1541 736 publicis
1567 693 1724 724 exhibere
1749 692 1989 734 conspectibus.
2020 692 2104 723 unde

459 749 518 779 sibi
550 759 609 779 nec
640 752 731 779 aetas
762 752 876 779 tenera
901 748 1085 778 blandiatur
1108 758 1167 778 nec
1192 751 1298 777 metus
1323 747 1492 787 quicquam
1519 745 1662 776 vindicet
1686 755 1745 775 nec
1769 745 1926 786 magister
1951 747 2104 775 assumat.

1219 903 1348 933 xxm.

782 972 978 1003 SENATUI
1003 972 1135 1003 URBis
1161 971 1316 1002 ROMAE
1341 970 1661 1001 ATHALARICUS
1686 968 1790 1000 REX.
1930 996 1958 1015 a.
1974 986 2036 1015 533
2050 985 2105 1024 ft„-

565 1041 659 1076 Quid.
687 1044 793 1082 patres
819 1042 1003 1082 conscripti.
1029 1041 1068 1072 de
1094 1041 1183 1071 vobis
1208 1040 1398 1073 iudicemus.
1424 1039 1607 1081 expendite.
1632 1043 1666 1069 ut
1691 1038 1729 1069 ad
1755 1048 1950 1068 summarum
1969 1038 2109 1068 culmina

461 1092 654 1134 dignitatum
679 1094 833 1134 germinis
860 1094 957 1123 vestri
983 1094 1067 1123 viros
1092 1103 1171 1133 quos
1197 1102 1370 1133 numquam
1397 1092 1534 1122 vidimus
1560 1091 1729 1131 eligamus,
1755 1101 1817 1120 non
1841 1089 1971 1120 fastidio
1996 1089 2107 1130 negle-

462 1145 605 1184 gentiae,
641 1144 697 1175 sed
731 1145 910 1175 honorabili
943 1145 1208 1186 praesumptione
1240 1148 1384 1174 naturae.
1439 1143 1477 1174 ad
1511 1153 1647 1174 examen
1679 1142 1809 1172 veniant
1843 1152 1923 1183 quae
1956 1144 2110 1182 putantur

463 1197 601 1227 incerta:
635 1207 710 1227 num
742 1198 810 1237 quis
842 1197 881 1227 de
911 1197 965 1227 illa
995 1208 1027 1227 re
1058 1197 1209 1227 aestimet
1239 1195 1497 1226 deliberandum.
1529 1195 1583 1225 ubi
1615 1194 1693 1224 nihil
1718 1194 1878 1235 reperitur
1903 1193 2109 1234 ambiguum?

463 1248 584 1278 Omnes
621 1248 748 1289 quidem
787 1248 969 1289 benignitas
1007 1253 1114 1279 nostra
1150 1248 1383 1289 complectitur.
1422 1247 1477 1278 sed
1510 1247 1593 1277 tales
1624 1246 1771 1276 veritatis
1802 1245 1984 1276 testimonio
2017 1254 2109 1286 prae-

463 1299 617 1330 dicamus.
658 1300 825 1341 praecedit
849 1300 978 1341 quidem
1003 1301 1117 1340 gratia.
1143 1299 1199 1330 sed
1225 1299 1371 1340 sequitur
1396 1299 1582 1339 incorrupta
1607 1298 1777 1328 sententia.
1817 1308 1890 1327 nam
1916 1297 1999 1328 sicut
2024 1296 2110 1327 idem

465 1352 572 1382 curiae
599 1362 714 1393 corpus
740 1356 789 1382 est
815 1352 914 1389 vobis,
941 1352 984 1382 ita
1009 1353 1040 1382 in
1064 1363 1161 1382 unum
1188 1351 1340 1382 laudabili
1366 1351 1528 1392 proposito
1554 1351 1740 1381 convenitis.
1781 1360 1837 1380 vos
1860 1360 1937 1390 ergo
1954 1349 2111 1380 dilexisse

463 1403 616 1433 iudicium
655 1408 717 1438 est.
755 1404 839 1434 unde
871 1404 1031 1435 libertatis
1063 1408 1273 1445 augmentum
1307 1408 1339 1433 et
1372 1403 1471 1433 nostri
1501 1402 1626 1443 imperii
1660 1402 1777 1432 crescit
1811 1405 1952 1432 ornatus.
2005 1411 2111 1431 rerum

467 1465 584 1485 causae
611 1466 739 1496 semper
763 1456 793 1485 in
820 1457 944 1487 semine
970 1460 1058 1486 sunt:
1084 1456 1206 1486 fructus
1233 1455 1338 1487 editus
1364 1455 1469 1496 prodit
1493 1458 1642 1485 auctores
1668 1457 1699 1484 et
1724 1453 1876 1494 quicquid
1902 1464 1920 1483 a
1944 1453 2112 1484 divinitate

466 1517 636 1543 meremur.
666 1506 705 1537 de
735 1507 819 1538 felici
850 1509 938 1549 prole
963 1509 1135 1548 colligitur.
1182 1508 1267 1538 Hinc
1293 1511 1342 1538 est
1367 1507 1451 1548 quod
1477 1506 1646 1548 patricium
1665 1505 1861 1536 Venantium
1887 1505 1947 1535 sub
1973 1504 2111 1535 admira-

465 1559 551 1589 tione
569 1569 740 1599 pensamus
759 1563 791 1589 et
808 1559 945 1589 fecunda
969 1560 1057 1601 prole
1082 1559 1277 1600 gaudentem
1304 1563 1336 1589 et
1360 1563 1406 1589 tot
1432 1558 1654 1588 consularibus
1680 1561 1814 1599 patrem.
1854 1557 2004 1587 educavit
2028 1556 2112 1587 enim

467 1611 585 1641 liberos
610 1611 699 1640 nulla
724 1610 920 1642 discretione
946 1611 1138 1642 laudandos.
1169 1611 1313 1653 pondere
1338 1610 1569 1640 moderationis
1595 1609 1764 1650 aequales,
1792 1609 1914 1649 ingenii
1940 1608 2113 1638 vivacitate

467 1662 652 1692 consimiles
678 1665 710 1693 et
733 1673 856 1693 morum
883 1664 1039 1694 societate
1065 1674 1139 1694 vere
1165 1673 1352 1704 germanos,
1383 1672 1517 1703 quorum
1544 1661 1681 1692 infantia
1705 1661 1798 1691 bonis
1823 1660 1947 1691 artibus
1973 1660 2114 1691 enutrita

425 1734 443 1740 -·
467 1715 667 1746 iuventutem
685 1726 813 1756 quoque
831 1716 928 1746 armis
947 1716 1103 1749 exercuit.
1128 1716 1270 1746 formans
1289 1715 1431 1745 animum
1448 1714 1574 1744 litteris.
1599 1713 1746 1743 membra
1763 1712 1956 1754 gymnasiis:
1982 1711 2114 1742 tradens

468 1768 577 1797 amicis
596 1767 753 1797 exhibere
771 1768 995 1800 constantiam.
1020 1767 1158 1798 dominis
1181 1767 1292 1798 fidem:
1318 1770 1349 1797 et
1374 1765 1526 1807 quicquid
1551 1766 1583 1796 in
1607 1766 1661 1796 illo
1687 1765 1753 1795 viro
1777 1765 1882 1805 gratia
1905 1764 2013 1794 divina
2038 1774 2114 1794 con-

469 1820 578 1853 cessit,
608 1819 735 1860 integra
760 1819 959 1860 perfectione
985 1820 1209 1850 transmissum
1236 1829 1349 1849 cernas
1375 1819 1406 1849 in
1431 1818 1581 1859 posteris.
1626 1817 1746 1847 iactent
1771 1827 1804 1846 se
1829 1816 1883 1847 alii
1907 1816 2115 1857 possessione

469 1871 622 1912 locupleti
658 1882 883 1912 summumque
924 1872 1041 1902 bonum
1081 1872 1165 1901 solas
1196 1874 1311 1912 putent
1342 1881 1415 1901 esse
1447 1870 1586 1900 divitias.
1634 1869 1665 1899 in
1698 1869 1756 1899 hac
1789 1872 1897 1899 autem
1931 1867 2024 1898 domo
2053 1878 2117 1898 non

470 1926 595 1953 tantum
626 1923 842 1964 patrimoniis,
875 1922 931 1953 sed
963 1928 995 1953 et
1025 1923 1196 1953 virtutibus
1228 1922 1334 1953 aditur
1364 1921 1539 1952 hereditas.
1587 1920 1657 1951 Hoc
1688 1924 1737 1950 est
1760 1920 1905 1961 profecto
1931 1919 2015 1960 quod
2041 1929 2118 1950 vere

471 1974 587 2004 divites
611 1974 697 2007 facit.
724 1974 850 2014 quando
876 1975 998 2005 nullum
1025 1975 1140 2004 melius
1165 1977 1273 2015 potest
1298 1984 1370 2004 esse
1397 1972 1621 2014 compendium
1640 1983 1733 2013 quam
1750 1972 1900 2002 laudibus
1918 1971 2117 2001 successisse

471 2026 638 2056 maiorum.
691 2026 860 2066 probatum
891 2031 939 2056 est
969 2027 1066 2057 etiam
1096 2026 1126 2056 in
1159 2036 1196 2056 eo
1226 2025 1318 2055 bonis
1348 2024 1628 2066 dispensatoribus
1660 2024 1704 2054 nil
1736 2023 1862 2054 deesse.
1914 2023 2010 2054 alieni
2042 2033 2116 2053 con-

576 2154 818 2186 BZNIi'Eslollm
827 2156 848 2182 l}

579 2233 589 2256 1
615 2232 639 2264 o]
670 2234 700 2256 ob
721 2233 792 2257 mia
913 2233 928 2255 53
953 2234 1065 2257 uia-inum
1087 2232 1198 2257 HG‘IP.
1226 2236 1344 2255 neutrum
1368 2231 1405 2254 Iw
1493 2229 1550 2262 sibi]
1579 2232 1626 2254 sub
1647 2230 1673 2254 Ε
1758 2231 1863 2254 remittis
1883 2230 1908 2254 E
2027 2229 2041 2253 4
2061 2238 2119 2253 con-

473 2277 548 2308 tingit
571 2276 621 2299 EF
688 2274 797 2306 illorum]
818 2285 904 2300 eorum
926 2276 997 2300 HG]
1099 2276 1114 2299 ι’)
1134 2274 1267 2306 bonorum]
1289 2275 1412 2298 iustorum
1435 2274 1558 2297 NA'HGJ
1626 2272 1737 2305 quando]
1758 2274 1815 2305 quis
1836 2273 1892 2297 ΝΚ
1959 2273 2013 2297 sine
2032 2281 2078 2296 om.
2099 2272 2122 2295 Z

526 2320 710 2343 cessationiluis
730 2319 757 2343 1³
871 2317 884 2341 T
904 2320 924 2342 si
944 2319 980 2342 bis
1000 2319 1023 2342 B
1107 2323 1144 2342 est
1163 2328 1210 2342 om.
1235 2318 1263 2341 H
1340 2316 1454 2349 postoris]
1481 2317 1573 2349 poteris
1592 2316 1631 2340 B¹
1717 2314 1861 2347 extendere]
1890 2316 2010 2340 extollere
2030 2314 2122 2338 NaKI

474 2361 490 2386 8
513 2361 603 2393 mores]
632 2362 736 2386 maiores
756 2362 870 2385 Ja'2lltr'l
960 2362 1108 2386 domesticos
1128 2361 1193 2385 Emi
1322 2360 1337 2384 9
1363 2369 1430 2384 nune
1450 2369 1496 2383 0711..
1519 2360 1540 2383 A
1631 2358 1706 2391 uude]
1736 2368 1825 2383 uerum
1845 2359 1877 2382 Η
1995 2356 2026 2382 10
2052 2358 2119 2389 quis-

474 2413 550 2436 quam
570 2406 593 2428 A
672 2404 798 2436 magister]
820 2406 901 2436 magis
923 2405 1021 2428 NHGI
1130 2403 1160 2428 12
1180 2404 1295 2436 expedite
1315 2403 1364 2433 13¹.
1383 2404 1501 2435 expedire
1521 2402 1559 2426 E¹
1638 2401 1674 2433 ut]
1694 2410 1751 2426 cum
1773 2403 1795 2425 A
1910 2400 1938 2425 14
1958 2401 2063 2425 boi-abili
2078 2400 2119 2424 B¹

476 2448 507 2472 15
526 2447 595 2479 num]
616 2448 714 2479 scripsi,
733 2457 789 2471 imm
810 2448 868 2471 libri
956 2457 981 2471 re
1001 2448 1043 2471 illa
1066 2448 1119 2471 NK
1200 2445 1331 2479 reperitur]
1353 2450 1485 2478 reputatur
1506 2446 1527 2469 A
1655 2444 1682 2469 1?
1703 2450 1826 2476 sequatur
1845 2445 1872 2468 K
1995 2442 2027 2467 18
2046 2443 2119 2467 uobis

476 2492 512 2515 bis
525 2491 570 2514 Ha
641 2489 777 2522 proposito]
800 2500 842 2522 pro
863 2492 954 2523 populo
969 2491 999 2514 II
1097 2490 1126 2514 19
1147 2492 1204 2522 imp.
1225 2491 1315 2514 erescit
1335 2492 1442 2520 [crescat
1456 2489 1540 2515 le'l]
1561 2488 1624 2520 orn]
1645 2497 1678 2513 cr.
1699 2498 1752 2512 orn.
1773 2489 1831 2520 imp.
1846 2488 1875 2511 X
1970 2486 2004 2511 '20
2022 2494 2120 2518 semper

477 2543 523 2558 om.
544 2534 587 2557 Ba
657 2539 716 2557 sunt
735 2542 780 2557 um.
802 2534 828 2557 λ’
936 2534 965 2557 21
988 2535 1093 2566 pricium
1114 2533 1143 2556 λ’
1248 2533 1280 2556 22
1300 2542 1434 2565 pensemus
1457 2532 1545 2556 E¹FA
1622 2532 1800 2556 consularibus
1820 2529 1924 2563 patrem]
1945 2530 2042 2561 scripsi,
2062 2538 2119 2554 con-

476 2577 602 2601 sulatibus
617 2577 805 2607 (consularilms
820 2576 965 2603 Klz'1Ho'I.
984 2577 1131 2600 consulibus
1143 2576 1182 2605 X)
1196 2585 1279 2608 parem
1295 2576 1353 2599 libri
1438 2575 1470 2598 233
1484 2576 1618 2599 uiuatimte
1634 2575 1679 2601 G&
1699 2575 1823 2598 uarietate
1835 2574 1857 2598 G
1864 2578 1886 2604 V,
1905 2574 1929 2597 in
1944 2573 2064 2597 uarietate
2076 2571 2119 2595 Ηι

477 2620 510 2644 *24
529 2620 635 2643 infautia
657 2620 678 2643 1).
698 2628 720 2643 a.
741 2618 861 2651 enutrita]
890 2620 991 2651 scripsi,
1021 2620 1154 2644 infantiam
1179 2620 1201 2642 1ι.
1222 2628 1244 2643 a.
1269 2619 1404 2643 enutritam
1424 2619 1482 2642 libri
1568 2618 1667 2642 actibus
1687 2617 1748 2641 ΕΞ]
1867 2615 1899 2641 ‘25
1919 2617 2048 2640 iuuentem
2069 2614 2120 2644 H¹,

478 2664 608 2687 iuuentam
622 2662 665 2685 H²
731 2661 842 2693 quoque]
862 2671 963 2693 quoque
983 2671 1063 2693 usque
1078 2662 1138 2687 HG.
1157 2670 1289 2693 quousque
1309 2661 1321 2685 I
1383 2661 1515 2693 gynnasiis
1529 2660 1557 2683 N
1652 2659 1683 2683 ⁸27
1704 2663 1803 2692 p‹r›stero
1818 2658 1960 2683 GJmeA
2026 2658 2083 2682 aliis
2097 2657 2121 2681 Β

529 2706 645 2738 possione
665 2705 704 2729 B¹
840 2706 873 2729 2²8
892 2706 1017 2737 locupleta
1038 2705 1075 2728 13¹
1181 2713 1307 2736 suumque
1327 2704 1367 2727 Ht
1469 2704 1564 2727 bonum
1589 2702 1646 2733 (σπι.
1668 2703 1703 2734 A)
1727 2703 1791 2726 solas
1819 2701 1881 2734 put]
1910 2702 2003 2726 bouum
2032 2704 2122 2733 putent

478 2749 542 2773 solas
561 2753 683 2778 (summas
697 2748 747 2775 E2)
762 2748 814 2772 EF
915 2747 947 2771 ‘29
967 2752 991 2772 et
1010 2757 1057 2771 om.
1071 2747 1125 2771 EF
1190 2748 1291 2771 additur
1305 2746 1445 2770 KF¹MGJ
1548 2745 1581 2770 30
1599 2744 1709 2777 quaudo]
1730 2746 1850 2777 quoniam
1864 2744 1890 2768 E
1992 2743 2023 2768 31
2043 2744 2120 2768 maio-

479 2791 546 2824 rum]
573 2792 709 2815 maioribus
728 2791 752 2814 B
775 2791 832 2821 (cm.
853 2800 882 2815 zu.
901 2795 953 2822 rec)
1041 2792 1117 2815 etiam
1136 2799 1182 2814 om.
1204 2790 1274 2814 HG]
1361 2789 1592 2823 dispensationibus
1612 2789 1685 2812 NK]
1769 2788 1804 2813 nil
1822 2786 1918 2820 deesse]
1945 2788 2067 2812 inideesse
2086 2787 2122 2818 H,

480 2836 547 2867 quod
565 2838 620 2859 erat
640 2835 677 2859 Gt
