2279 3261
389 195 437 220 XX
1101 192 1326 219 PROOEMIVM.

387 287 405 317 l.
426 286 483 317 XI
561 286 670 327 incipit
692 285 770 316 liber
792 284 972 315 undecimus
1239 285 1256 317 l.
1277 286 1356 317 XII
1419 286 1529 328 incipit
1550 287 1629 318 liber
1651 286 1854 319 duodecimus

561 346 683 376 rubrice
707 344 861 375 undecimi
884 345 954 375 libri
1415 346 1536 377 rubrice
1559 346 1734 378 duodecimi
1758 347 1827 378 libri

688 405 884 443 (laterculus)
1541 406 1735 445 (laterculus)

702 465 877 505 (epistulae)
1545 466 1731 506 (epistulae).

561 525 687 567 explicit
710 525 788 556 liber
811 525 1001 557 undecimus.

490 628 714 670 Inscriptiones
743 628 945 670 epistularum
975 628 1097 659 codices
1126 630 1267 660 meliores
1296 629 1434 671 plerique
1467 629 1612 662 exhibent
1643 629 1829 672 duplicatas,
1864 631 1980 662 seilicet
2007 636 2037 662 et

384 693 454 719 ante
477 689 616 729 singulos
640 688 735 719 libros
760 689 789 719 in
815 689 952 720 laterculi
970 690 1100 720 fin-mam
1117 690 1306 732 compositas
1327 695 1358 721 et
1374 690 1503 731 singulis
1520 690 1662 732 epistulis
1678 691 1895 733 praescriptas.
1933 691 2036 734 dupli-

383 749 463 779 catio
493 760 527 779 ea
555 760 656 780 annon
685 749 797 780 afuerit
826 749 865 780 ab
895 750 1030 780 auctoris
1062 750 1228 792 archetypo
1257 750 1413 781 latereulis
1437 750 1512 781 solis
1536 754 1680 781 contento
1687 775 1695 790 ,
1725 751 1804 782 infra
1827 751 2037 794 disputabitur

383 809 413 839 in
441 813 571 840 tractatu
604 809 642 840 de
675 809 762 841 libris
796 810 932 852 scriptis:
968 815 1001 841 at
1028 810 1055 841 si
1083 811 1113 841 in
1144 822 1180 841 eo
1215 810 1321 841 codice
1350 811 1489 841 laterculi
1520 810 1579 841 soli
1609 810 1787 850 adfuerunt,
1818 812 1962 854 repetivit
1991 813 2037 843 in-

383 869 566 911 scriptiones
595 869 634 900 ad
664 870 814 911 epistulas
843 870 980 911 singulas
1013 870 1156 901 librarius
1189 871 1425 913 antiquissimus
1455 870 1650 913 pendentque
1673 871 1743 902 libri
1767 872 1864 903 nostri
1888 883 1994 903 onmes
2018 883 2036 903 a

382 927 500 965 codiee,
532 929 584 970 qui
616 929 833 971 inscriptiones
862 940 913 960 eas
937 929 1063 960 haberet
1087 929 1270 972 duplicatas.
1315 942 1371 961 nos
1396 942 1518 973 quoque
1547 932 1592 962 sie
1615 942 1666 962 eas
1690 932 1888 963 exhibuimus
1912 937 1942 963 et
1964 937 2035 963 ante

382 988 477 1019 libros
502 989 682 1020 coniunctas
706 994 737 1021 et
759 995 829 1021 ante,
852 990 1001 1032 epistulas
1025 1002 1107 1021 suas.
1155 990 1208 1021 sed
1233 1002 1301 1021 cum
1327 990 1366 1022 ad
1384 996 1501 1022 textum
1519 991 1769 1023 constituendum
1793 997 1823 1023 et
1846 992 1982 1023 laterculi
2006 998 2037 1024 et

382 1052 483 1079 textus
508 1050 594 1081 varia
617 1050 708 1081 lectio
732 1051 823 1081 simul
848 1050 1025 1082 adhibenda
1048 1051 1097 1089 sit,
1120 1062 1187 1082 eam
1211 1063 1248 1082 ex
1272 1056 1423 1093 apparatu
1448 1051 1487 1082 ad
1515 1057 1633 1083 textum
1664 1057 1822 1095 spectante
1846 1053 2035 1085 semovimus

383 1109 642 1152 coniunctamque
666 1115 828 1153 utramque
851 1111 1071 1153 proposuimus
1096 1111 1136 1142 ad
1160 1111 1323 1142 laterculos
1347 1112 1399 1151 ita,
1422 1117 1457 1143 ut.
1480 1112 1518 1143 ad
1543 1113 1681 1154 singulas
1705 1113 1864 1155 epistulas,
1889 1113 1940 1144 ubi
1965 1113 2035 1144 libri

381 1169 526 1201 lectiones
550 1171 640 1202 binae
664 1172 887 1209 consentirent,
911 1171 993 1202 nuda
1018 1172 1087 1203 libri
1112 1176 1185 1202 nota
1207 1176 1379 1214 poneretur,
1404 1172 1456 1203 ubi
1480 1172 1688 1212 dissentirent,
1711 1173 1839 1205 adiectis
1863 1174 2036 1205 litterulis¹t

383 1229 518 1261 laterculi
550 1236 580 1261 et
608 1236 711 1262 textus
741 1232 831 1263 lectio
856 1231 1110 1274 distingueretur,
1137 1233 1270 1274 exempli
1303 1244 1396 1264 causa
1419 1233 1446 1264 L
1470 1234 1656 1275 significaret
1685 1234 1728 1265 ita
1752 1234 1810 1275 legi
1835 1235 1865 1265 in
1890 1234 2035 1266 Leidensi

381 1289 450 1319 loco
475 1295 613 1332 utroque,
637 1292 679 1322 L¹
704 1292 733 1322 in
758 1291 920 1323 Leidensis
946 1292 1100 1331 laterculo,
1124 1293 1169 1323 Lt
1192 1293 1222 1323 in
1248 1298 1335 1324 textu
1358 1292 1505 1325 eiusdem.

480 1350 682 1393 Compendia,
696 1352 809 1394 quibus
823 1352 955 1384 honores
972 1353 1114 1384 sollemni
1130 1353 1353 1385 consuetudine
1370 1355 1400 1385 in
1417 1355 1618 1396 epistularum
1631 1355 1812 1397 praesertim
1829 1355 2037 1397 inscriptioni-

381 1411 439 1441 bus
464 1411 691 1453 significantur,
715 1413 745 1443 in
769 1417 888 1443 textum
914 1418 947 1443 ut
970 1413 1033 1444 ficri
1058 1413 1165 1445 debuit
1182 1413 1379 1446 admisimus:
1404 1415 1462 1445 hoc
1485 1419 1586 1446 autem
1610 1415 1678 1446 loco
1699 1416 1778 1447 ratio
1801 1415 1958 1446 reddenda
1980 1419 2036 1453 est,

382 1476 534 1513 quatenus
565 1472 678 1504 tradita
709 1473 738 1503 in
775 1478 959 1515 apparatum
994 1473 1221 1505 inseruerimus.
1267 1474 1351 1516 ipsas
1386 1475 1503 1506 litteras
1540 1476 1726 1517 singulares,
1750 1476 1863 1518 quibus
1892 1487 1928 1506 ea
1951 1480 2034 1506 aetas

381 1532 532 1564 honorum
557 1538 587 1564 et
610 1533 797 1575 dignitatum
820 1534 935 1575 gradus
960 1534 1095 1565 indicare
1118 1535 1246 1573 solebat,
1270 1540 1420 1577 quatenus
1445 1536 1475 1566 in
1499 1535 1659 1567 codicibus
1676 1536 1723 1567 vel
1749 1535 1832 1578 apud
1850 1536 2034 1568 Accursium

381 1593 563 1633 invenimus,
587 1595 817 1626 enuntiavimus
841 1606 947 1626 omncs
971 1596 1169 1627 nominatim:
1193 1597 1325 1638 exempli
1350 1608 1444 1628 causa
1466 1609 1513 1639 ep.
1534 1597 1550 1628 I
1573 1599 1591 1629 2
1614 1598 1680 1628 viro
1703 1597 1864 1636 spectabili
1889 1597 1942 1639 qui
1965 1597 2035 1628 libri

380 1654 493 1685 habent
517 1655 735 1697 eompcndiata
764 1667 847 1687 more
877 1657 1018 1687 sollemni
1046 1668 1071 1688 r.
1096 1668 1134 1694 3.,
1159 1668 1211 1687 eos
1240 1658 1498 1690 enumeravimus.
1544 1669 1561 1688 a
1584 1658 1665 1688 notis
1695 1657 1742 1688 his
1767 1658 1818 1689 ubi
1842 1657 1912 1688 libri
1937 1656 2036 1688 disce-

380 1714 459 1745 dunt
488 1715 580 1746 inodo
613 1721 693 1747 recte
721 1717 878 1748 solventes
902 1716 995 1748 inodo
1026 1728 1200 1759 perperam,
1229 1717 1304 1759 quid
1332 1717 1465 1749 habeant
1493 1718 1656 1760 apparebit
1685 1729 1723 1748 ex
1753 1718 1858 1749 tabula
1887 1718 2034 1755 subiecta,

380 1776 467 1806 cuius
491 1788 508 1807 ιι
532 1777 644 1817 regulis
669 1777 721 1807 ubi
746 1777 815 1808 libri
840 1777 1013 1815 discedunt,
1037 1777 1067 1808 id
1093 1778 1122 1808 in
1148 1783 1331 1820 apparatum
1356 1779 1539 1810 rettulimus.
1584 1789 1804 1820 saepenumero
1827 1779 1909 1809 euim
1932 1783 2032 1809 certus

381 1836 529 1868 librorum
553 1837 629 1868 ordo
653 1838 684 1868 in
708 1837 859 1868 eiusmodi
885 1838 1069 1880 compendio
1093 1839 1172 1869 male
1196 1839 1346 1870 solvendo
1370 1851 1439 1870 cum
1465 1839 1523 1870 sibi
1548 1843 1681 1877 constet,
1704 1839 1835 1880 exempli
1861 1850 1955 1869 causa
1977 1849 2034 1880 pro

382 1908 406 1929 ι’.
429 1908 452 1927 s.
479 1902 612 1939 ponatur
634 1899 683 1928 rii·
705 1901 830 1929 smaiar
860 1899 907 1930 vel
939 1900 988 1929 rit·
1010 1899 1166 1932 sublimis„
1197 1900 1269 1930 item
1295 1900 1496 1938 prmqwsilus
1525 1911 1581 1941 pro
1606 1901 1682 1938 ΠΜ,
1714 1899 1820 1930 utilius
1850 1899 1952 1930 visum
1984 1903 2032 1930 est

378 1968 448 1988 eum
476 1969 608 1989 errorem
640 1958 688 1989 hic
719 1959 907 1990 coniunctim
936 1959 1072 1990 indicare
1102 1971 1194 2001 quam
1224 1960 1405 2001 singillatim
1435 1959 1473 1990 dc
1500 1972 1536 1990 eo
1561 1960 1680 1993 referre,
1726 1964 1799 1991 sunt
1822 1963 1923 1990 autem
1950 1970 2034 1990 com-

379 2017 492 2060 pendia
522 2018 596 2049 haec
625 2030 752 2050 numero
781 2020 932 2062 quinque,
956 2032 1087 2062 quorum
1119 2025 1264 2062 quattuor
1293 2024 1469 2051 constanter
1497 2025 1667 2062 ponuntur,
1700 2032 1759 2051 una
1791 2020 1934 2062 praefecti
1965 2020 2031 2051 urbi

380 2078 516 2119 dignitas
542 2079 634 2110 modo
659 2084 791 2116 notatur,
815 2080 908 2111 modo
932 2081 1141 2122 perscribitur.
1187 2082 1299 2112 similia
1323 2093 1401 2123 quae
1426 2081 1635 2120 inveniuntur,
1658 2086 1693 2112 ut
1715 2082 1781 2112 rio-0
1804 2080 1972 2112 ceum-abili
1995 2080 2033 2111 dc

378 2139 543 2181 ‹qast-opis,
568 2140 596 2170 iu
622 2140 789 2182 archetypo
813 2140 960 2172 videntur
983 2142 1086 2172 onmia
1109 2142 1282 2184 perscripta
1305 2142 1409 2173 fuisse.

541 2202 624 2239 [²156
655 2214 702 2240 cst
728 2209 939 2251 ]›(rm·scrtus)
966 2210 1167 2252 pomum-iffi).
1218 2211 1254 2242 cl.
1278 2211 1293 2241 I
1321 2211 1430 2253 optimi
1464 2210 1648 2253 compendio
1683 2214 1824 2247 utuntur;
1850 2209 2031 2250 praeposito

585 2270 701 2311 passim
725 2269 890 2301 deteriores
915 2271 1044 2312 (NOEF
1064 2272 1143 2313 eet).
1169 2291 1207 2294 -
1231 2271 1281 2302 Ex
1305 2272 1341 2303 cl.
1358 2271 1393 2302 ΙΙ
1410 2271 1511 2302 LRK
1529 2270 1746 2313 compendium
1777 2281 1868 2312 saepe
1891 2269 2031 2305 retinent,

586 2341 677 2371 saepe
701 2330 827 2361 solvunt
846 2333 1036 2370 prmytosilo,
1061 2332 1152 2362 semel
1181 2331 1250 2364 VII
1269 2333 1307 2363 19
1325 2331 1497 2371 populeum:
1520 2331 1585 2362 ΡΙ)
1607 2336 1637 2362 et
1658 2330 1827 2361 Aeeursius
1850 2330 2030 2372 plerumque

584 2391 769 2432 cmnpeudio
792 2397 933 2428 utuntur,
965 2393 1016 2423 ubi
1041 2393 1169 2423 solvunt
1192 2393 1240 2433 (ut
1264 2393 1298 2423 II
1322 2394 1371 2425 30.
1388 2394 1437 2425 37.
1455 2393 1519 2433 38),
1543 2392 1614 2422 item
1639 2391 1766 2423 solvunt
1784 2390 1972 2429 waeposilo.
1988 2407 2029 2412 -—

585 2451 631 2482 Cl.
644 2451 698 2483 IV
714 2452 809 2483 solvit
832 2452 1012 2494 plertunquc
1029 2453 1147 2492 populo
1165 2453 1214 2495 (ut
1228 2453 1318 2485 VIII
1332 2454 1351 2485 6
1365 2453 1429 2493 Z‘),
1453 2464 1522 2483 raro
1539 2452 1721 2491 praeposito
1746 2451 1793 2492 (ut
1806 2450 1896 2483 VIII
1909 2452 1949 2481 20
1962 2450 1994 2480 Z
1996 2450 2028 2491 t).

535 2517 567 2548 l'.
592 2512 635 2550 Ῡ.
660 2524 705 2550 est
723 2520 936 2563 )›(1·r(cs}³clus)
962 2522 1071 2563 ΝΟΜ),
1116 2522 1153 2553 cl.
1178 2522 1195 2552 I
1219 2533 1310 2564 saepe
1339 2522 1433 2553 solvit
1455 2521 1616 2560 pontifici,
1648 2520 1679 2551 id
1707 2519 1791 2562 quod
1821 2519 1853 2550 in
1877 2522 2028 2561 apparatu

584 2578 750 2618 indicatur;
777 2581 914 2619 pute-iesu
947 2581 1109 2612 substituit
1134 2582 1174 2613 N.
1202 2601 1240 2604 —
1269 2582 1316 2613 Cl.
1339 2581 1375 2612 II
1402 2581 1455 2612 ubi
1479 2580 1697 2622 compendium
1721 2591 1783 2610 non
1807 2578 1909 2621 ponit,
1934 2577 2029 2609 solvit

586 2644 674 2670 recte.

535 2700 575 2739 Vl
599 2710 634 2738 (s.
659 2714 704 2739 est
732 2710 806 2750 mss)
831 2710 1065 2752 e(l«1·issinms).
1104 2710 1172 2741 (·1.Ι
1189 2710 1234 2741 JI
1252 2721 1381 2752 semper,
1405 2711 1511 2752 reliqui
1536 2710 1597 2741 fere
1620 2708 1804 2751 compendio
1827 2712 1956 2738 utuntur
1972 2706 2025 2748 (cf.

584 2768 622 2799 ad
647 2768 663 2799 I
690 2770 715 2801 7.
750 2769 803 2800 HI
827 2772 892 2804 23).
917 2790 956 2794 —
982 2771 1028 2802 (Ἰ.
1052 2771 1087 2801 II
1111 2771 1212 2801 LRK
1231 2771 1357 2802 solvunt
1380 2771 1559 2813 plerumque
1581 2770 1646 2800 vira
1669 2769 1773 2800 comiti
1797 2768 1829 2809 (I
1854 2768 1880 2799 7.
1903 2766 1957 2797 III
1974 2768 2023 2798 25.

586 2828 617 2861 Υ
644 2829 675 2861 7¹
699 2834 729 2860 et
752 2830 797 2861 sio
823 2831 836 2861 l
863 2832 888 2863 7.
920 2832 947 2861 V
974 2833 990 2864 Τ
1016 2831 1076 2870 Ε),
1100 2842 1169 2862 raro
1194 2832 1257 2862 viro
1281 2831 1441 2863 consultari
1465 2831 1513 2873 (V
1540 2832 1566 2863 T*
1591 2835 1619 2861 et
1643 2831 1686 2862 sic
1711 2830 1765 2861 III
1788 2831 1829 2862 :25
1853 2827 1913 2869 E).
