2279 3261
799 191 993 217 VARIARVM
1014 192 1061 222 III,
1081 193 1105 217 3.
1127 192 1150 218 4.
1170 193 1193 218 5.
1785 194 1819 225 81

169 278 274 308 aliena
298 277 495 317 malignitas:
522 277 578 308 sed
604 278 634 308 in
660 288 740 319 paee
765 282 1024 319 perseverantes,
1052 289 1134 319 quae
1161 282 1235 309 sunt
1252 279 1366 309 mediis
1383 280 1494 310 amieis
1513 280 1717 321 placabiliter
1734 281 1825 310 finire

169 329 324 360 debeatis.
372 328 435 360 Per
460 339 516 359 eos
541 329 638 360 etiam
665 333 697 360 et
723 329 820 360 verbo
847 330 936 361 vobis
967 330 1076 371 aliqua
1106 330 1243 361 dicenda
1274 331 1480 365 mandamus,
1513 336 1547 362 ut
1578 336 1707 373 gentes.
1741 343 1823 373 quae

171 382 229 412 sub
259 381 448 423 parentibus
475 382 589 412 vestris
615 382 712 423 longa
736 392 816 423 paee
842 382 1034 415 floruerunt,
1070 383 1175 413 subita
1200 394 1263 414 non
1288 383 1430 413 debeant
1455 383 1668 413 concussione
1694 384 1823 414 vastari.

168 433 214 464 illi
244 433 328 464 enin]
359 432 491 464 eredere
523 432 666 469 debetis,
699 444 793 474 quem
818 434 936 464 vestris
968 435 1162 465 utilitatibus
1188 435 1331 465 arridere
1357 435 1567 475 cognoscitis,
1597 435 1745 476 quoniam
1773 436 1823 475 qui

169 485 238 515 vult
262 485 400 516 alterum
427 485 458 515 in
484 485 680 526 praecipites
706 496 800 516 casus
826 486 965 517 mittere.
991 497 1063 517 eum
1091 490 1213 517 certum
1240 490 1291 517 est
1316 487 1455 517 fideliter
1481 498 1542 517 non
1569 497 1709 517 monere.

979 633 1019 664 v.

453 701 713 732 INPORTUNO
737 696 780 733 v·
800 696 826 732 Γ
853 701 1067 733 PATRIeio
1093 701 1412 733 THEODERIOUS
1438 701 1539 732 anx.
1640 729 1668 748 a·
1689 721 1823 748 :mm-‚Il

275 769 309 799 Si
333 773 363 800 te
382 774 437 801 aut
455 770 606 801 nobilitas
625 771 695 800 sola
712 771 881 802 decoraret
898 775 953 801 aut
971 771 1159 802 meritorum
1176 774 1298 801 tantum
1317 771 1413 801 laude
1432 771 1583 812 polleres,
1609 770 1823 801 conferendas

169 821 305 851 forsitan
322 821 499 862 dignitates
518 821 674 852 dilatione
693 823 852 863 probabili
871 823 1073 855 libraremus.
1097 834 1136 853 ne
1155 833 1272 863 magna
1291 823 1497 853 vilescerent.
1521 833 1590 853 eum
1609 823 1701 852 simul
1719 823 1825 852 omnia

169 872 392 904 funderentur.
431 884 515 904 nuno
541 877 648 904 autem
675 885 746 904 oum
772 878 803 905 te
828 875 982 905 universa
1006 875 1090 905 facto
1117 876 1245 916 agmine
1272 875 1465 906 eomitentur
1490 885 1548 905 nee
1566 874 1650 905 desit
1668 874 1721 904 uni
1740 874 1823 915 quod

170 925 377 966 praedicatur
400 926 431 956 in
456 926 611 968 plurimis,
644 928 794 957 convenit
819 927 961 958 iustitiae
987 931 1124 960 nostrae,
1151 931 1195 963 ut,
1221 938 1292 958 cuin
1318 931 1350 957 tu
1376 927 1507 968 copiosa
1532 926 1614 956 bona
1639 926 1822 967 protuleris,
1844 932 1866 949 ¹¹¹

169 976 332 1007 uberrime
358 980 388 1007 te
414 978 539 1019 repleat
564 978 784 1009 munificentia
810 979 1006 1020 principalis.
1054 979 1125 1010 Non
1151 980 1234 1010 enim
1265 978 1431 1009 crescendi
1456 978 1549 1008 vobis
1581 977 1630 1007 hie
1663 977 1739 1008 ordo
1770 978 1822 1018 qui

169 1028 280 1059 multis
306 1032 370 1059 est:
397 1028 553 1070 paulatim
578 1030 711 1071 provehi
736 1031 908 1061 mediocris
934 1031 1090 1071 probatur
1112 1042 1185 1062 esse
1206 1031 1343 1067 virtutis,
1369 1030 1442 1061 dum
1462 1030 1619 1060 morosius
1636 1029 1824 1070 agnoscitur

169 1080 253 1120 quod
279 1080 338 1110 sub
364 1081 498 1111 lenitate
524 1085 747 1122 praeparatur.
796 1083 880 1112 saltu
912 1082 1051 1123 quodam
1083 1094 1117 1113 se
1147 1082 1250 1113 tendit
1281 1086 1387 1112 vestra
1418 1081 1618 1123 prosperitas
1648 1081 1780 1121 solaque
1806 1092 1823 1110 a

171 1132 263 1163 vobis
288 1133 445 1174 perfectio
471 1134 646 1174 quaeritur,
672 1145 742 1164 eum
770 1135 935 1165 vobiscum
960 1135 1061 1165 multa
1086 1139 1271 1166 nascantur.
1312 1133 1496 1164 elaboratae
1522 1138 1596 1163 sunt
1620 1133 1704 1163 enim
1728 1133 1823 1173 longa

170 1187 278 1215 aetate
307 1185 407 1216 vestri
436 1186 566 1226 generis
599 1185 791 1227 dignitates,
826 1197 908 1227 quae
942 1187 1108 1217 notissimo
1143 1186 1281 1228 quodam
1315 1185 1501 1216 habitaculo
1535 1185 1619 1215 lares
1652 1185 1682 1214 in
1714 1188 1822 1215 vestra
1844 1192 1865 1209 1-‘1

169 1246 306 1278 posuere
337 1236 468 1267 familia.
520 1237 619 1274 Nam,
656 1242 691 1268 ut
724 1238 830 1279 prisea
859 1239 989 1269 saecula
1020 1242 1236 1273 transeamus,
1272 1248 1353 1278 quae
1386 1237 1506 1267 affatim
1540 1237 1623 1266 viros
1653 1236 1721 1266 visa
1752 1240 1826 1267 sunt

171 1288 314 1329 proferre
339 1289 544 1330 praecipuos.
570 1290 699 1330 gemino
724 1290 831 1321 radias
855 1291 956 1331 patris
981 1302 1017 1321 ae
1043 1291 1149 1332 patrui
1176 1291 1293 1321 decore
1320 1289 1526 1331 conspicuus:
1554 1289 1607 1329 qui
1632 1299 1694 1318 non
1720 1288 1823 1318 solum

170 1344 396 1371 ornamentum
411 1341 554 1372 familiae
573 1352 662 1377 suae,
689 1342 745 1372 sed
763 1343 825 1383 ipsi
842 1342 941 1373 decus
961 1343 1087 1373 senatui
1106 1343 1314 1384 praestitere:
1341 1341 1503 1372 modernis
1523 1340 1662 1371 saeculis
1680 1340 1822 1370 moribus

170 1392 368 1423 ornabantur
391 1393 546 1434 antiquis:
580 1394 721 1425 bonitate
747 1394 896 1435 praediti.
927 1395 1107 1425 constantia
1131 1394 1272 1435 gloriosi,
1304 1394 1334 1424 in
1359 1393 1532 1423 amicitiam
1558 1392 1660 1433 proni.
1687 1391 1726 1421 ad
1751 1391 1823 1421 odia

171 1444 329 1475 sumenda
353 1444 513 1476 difficiles.
561 1446 614 1479 ita,
645 1446 730 1486 quod
755 1446 931 1476 maximnm
957 1446 1121 1477 felicitatis
1146 1457 1250 1487 genus
1276 1450 1335 1482 est,
1367 1456 1437 1475 eum
1463 1445 1583 1475 multae
1609 1444 1824 1484 probarentur

171 1507 244 1527 esse
277 1497 458 1537 potentiae,
492 1497 645 1528 invidiam
678 1498 750 1528 illos
784 1499 1049 1539 persequentium
1081 1498 1215 1538 contigit
1246 1508 1307 1527 non
1340 1497 1472 1527 habere.
1524 1495 1717 1527 Pendebant
1748 1496 1822 1536 quin

170 1548 266 1579 immo
292 1549 377 1580 cirea
408 1560 464 1580 eos
494 1550 590 1580 anxia
621 1553 694 1580 vota
724 1550 882 1586 civitatis,
917 1561 1066 1581 crescens
1097 1561 1194 1591 supra
1223 1550 1365 1591 privatos
1390 1549 1540 1590 publicus
1565 1558 1664 1578 amor.
1714 1558 1823 1578 eorum

172 1603 304 1630 senatus
329 1601 486 1636 animum,
516 1612 625 1632 eorum
653 1602 851 1643 sequebatur
875 1602 969 1632 turba
997 1602 1213 1643 propositum:
1252 1604 1283 1631 et
1311 1611 1448 1631 neeesse
1479 1604 1547 1630 erat
1572 1599 1710 1630 Romam
1740 1599 1822 1629 velle

170 1651 256 1693 quod
286 1653 393 1683 cuncti
422 1653 614 1684 videbantur
643 1658 771 1695 optare,
802 1654 945 1695 miroque
975 1654 1199 1695 prosperitatis
1226 1657 1343 1683 eventu
1373 1653 1498 1682 firmum
1524 1652 1610 1681 eirea
1634 1661 1690 1681 eos
1717 1654 1823 1681 eusto-

1844 1452 1867 1467 ’.Ὀ

171 1703 283 1734 diebat
300 1704 468 1735 arbitrium
487 1705 637 1736 voluntas
657 1716 739 1746 vaga
764 1706 964 1747 populorum,
992 1705 1074 1746 qnod
1099 1705 1182 1735 inter
1207 1708 1332 1734 ceteras
1357 1704 1533 1744 dignitates
1558 1713 1673 1733 munus
1698 1702 1820 1733 iudica·
1843 1710 1865 1726 Ξῖ·

170 1767 241 1787 mus
267 1768 339 1788 esse
364 1758 587 1799 praecipuum.
635 1769 708 1789 nam
734 1759 759 1789 si
790 1769 965 1799 paucorum
994 1769 1082 1788 amor
1111 1758 1193 1788 iuste
1225 1757 1286 1787 iam
1316 1756 1417 1797 gloria
1448 1759 1511 1789 est,
1543 1758 1651 1785 tantae
1684 1754 1823 1784 civitatis

171 1809 307 1839 affectus
332 1809 416 1850 quod
442 1813 549 1851 potest
572 1810 693 1841 habere
719 1810 948 1852 praeconium?
989 1809 1122 1851 proinde
1143 1809 1226 1839 sicut
1243 1809 1349 1838 onmia
1367 1809 1491 1849 ingrata
1511 1807 1659 1837 videntur
1676 1806 1823 1841 obseura,

172 1860 217 1891 sic
247 1861 444 1901 generaliter
475 1861 595 1893 dilecta
624 1863 792 1904 praeclara
817 1865 900 1892 sunt.
946 1861 1008 1891 Tot
1032 1861 1130 1902 igitur
1155 1863 1326 1902 parentum
1352 1859 1446 1890 laude
1471 1859 1643 1889 decoratus
1669 1862 1702 1888 tu
1727 1858 1823 1888 etiam

170 1923 295 1943 morum
330 1913 402 1944 luce
439 1915 634 1955 conspicuus
670 1925 759 1945 sume
794 1916 867 1955 post
903 1913 1090 1943 consulares
1124 1913 1231 1943 fasces
1266 1912 1417 1942 emeritos
1452 1911 1640 1952 patriciatus
1672 1910 1822 1951 insignia.

171 1968 299 1996 tuarum
324 1976 440 1996 munus
465 1967 646 2008 plenarium
672 1967 867 2008 dignitatum
892 1970 924 1996 et
949 1965 1021 1996 cani
1045 1965 1175 1995 honoris
1202 1965 1311 1994 infulis
1337 1963 1480 1994 adultam
1509 1963 1602 2003 cinge
1632 1962 1822 1995 caesariem,

171 2016 225 2056 qui
249 2017 437 2048 meritorum
461 2018 557 2049 laude
583 2019 700 2050 aetatis
726 2018 925 2060 praeiudicia
950 2018 1124 2059 superasti.
1170 2029 1225 2048 eur
1251 2018 1335 2048 enim
1361 2016 1452 2047 tardo
1478 2016 1645 2047 evenirent
1670 2015 1822 2056 praemia.

172 2068 223 2098 eui
246 2071 293 2098 tot
317 2070 447 2109 generis
473 2070 738 2111 suffragabantur
763 2070 934 2112 exempla?
982 2070 1111 2110 eligitur
1135 2070 1253 2111 quippe
1279 2070 1309 2099 in
1335 2072 1366 2099 te
1390 2067 1546 2099 nascendi
1578 2068 1663 2103 laus,
1695 2066 1822 2097 vivendi

171 2119 288 2160 gloria:
315 2124 347 2151 et
371 2132 443 2151 eum
469 2122 570 2153 multa
595 2122 702 2153 trahas
728 2122 767 2153 ab
793 2123 945 2164 antiquis,
971 2122 1116 2152 meruisti
1141 2122 1272 2163 plaeere
1297 2121 1336 2152 de
1356 2120 1504 2162 propriis.
1544 2119 1596 2149 Ab
1614 2119 1684 2160 ipso
1703 2120 1820 2160 quippe

171 2171 257 2202 vitae
275 2172 444 2214 principio,
469 2174 553 2215 quod
571 2175 656 2205 inter
673 2174 873 2205 adulantium
892 2185 1006 2215 greges
1026 2184 1131 2204 rarum
1149 2173 1229 2204 solet
1255 2184 1337 2205 esse,
1362 2172 1524 2203 nobilibus
1550 2170 1701 2201 studuisti
1726 2170 1821 2201 fidem

275 2294 458 2327 LRKP(D)M
464 2295 561 2328 amr)
564 2295 637 2327 mlv)

273 2371 286 2396 1
306 2371 377 2404 sunt]
401 2377 461 2398 suut
483 2374 549 2398 inter
572 2383 619 2398 uos
638 2373 754 2397 th'lx'issl:
778 2374 915 2405 requirit-w·
939 2382 1002 2405 quae
1026 2377 1087 2397 sunt
1109 2373 1186 2397 dubia
1211 2372 1334 2397 similiare
1463 2372 1478 2395 ’.Ξ
1503 2372 1533 2395 al.
1555 2371 1612 2395 uob.
1635 2371 1662 2394 N
1755 2379 1821 2393 maur

171 2415 290 2440 (lauimus
303 2416 463 2441 Mc)NXE.-t
552 2417 568 2442 5
587 2417 703 2449 alterum]
724 2418 801 2441 alium
816 2417 852 2440 ⁴1ss
907 2417 931 2441 iu
952 2426 997 2440 um.
1011 2417 1039 2440 K
1090 2416 1197 2440 fideliter
1211 2424 1257 2440 mu.
1273 2415 1306 2438 ΙΝ
1398 2414 1411 2438 T
1432 2413 1461 2445 si]
1481 2415 1507 2438 ui
1518 2414 1565 2437 Ka
1619 2414 1685 2437 laud.
1699 2417 1762 2438 taut.
1775 2413 1823 2437 ΡΙ)

171 2458 187 2482 8
205 2459 326 2483 dilatione
345 2459 480 2492 probabili]
500 2461 646 2493 dignatione
660 2461 782 2485 laudabili
794 2460 817 2483 H
870 2459 1029 2491 libraremus]
1047 2460 1190 2484 differentes
1204 2460 1219 2483 l.
1233 2459 1282 2483 ΡΙ)
1369 2458 1384 2483 9
1404 2459 1572 2482 fundarentur
1587 2457 1606 2481 L
1617 2456 1661 2483 Ἰ),
1680 2457 1821 2480 franderes

172 2507 212 2526 tur
226 2504 246 2525 O
299 2503 351 2527 fatu
366 2503 405 2526 15¹
460 2505 650 2528 eommittentur
664 2504 691 2527 I(
743 2502 798 2535 uec]
815 2513 844 2527 ne
858 2503 936 2527 JlflX
1024 2502 1053 2526 lo
1071 2503 1187 2534 phu-ibus
1200 2503 1235 2526 ⁴1⁰
1333 2500 1362 2525 12
1379 2501 1547 2525 mediocribus
1561 2501 1584 2524 E
1635 2501 1692 2524 uirt.
1712 2509 1765 2524 esse
1781 2499 1821 2523 ΗΠ

223 2546 318 2570 mosius
328 2546 369 2570 La
442 2546 472 2571 13
485 2548 588 2572 leuitate
601 2547 756 2571 MoXA'EA
801 2551 944 2579 praestatur
956 2547 977 2570 ,l
1015 2555 1028 2570 a
1044 2546 1116 2570 uobis
1130 2555 1172 2578 qu.
1187 2547 1246 2578 pers,
1256 2545 1312 2571 PL),
1329 2546 1390 2577 perf.
1404 2554 1417 2568 a
1432 2545 1490 2568 noli.
1504 2553 1546 2575 qu.
1556 2545 1592 2567 ⁴10
1665 2543 1695 2567 15
1709 2544 1785 2567 nostri
1799 2543 1824 2566 K

174 2587 204 2613 16
223 2594 363 2621 posueruut
376 2589 486 2614 JJNXE
543 2595 603 2614 suut
623 2591 676 2614 uisa
691 2589 823 2613 MNXEA
922 2588 950 2613 1?
971 2590 1096 2621 praeferre
1110 2589 1142 2619 E,
1162 2590 1270 2620 perferre
1286 2589 1322 2612 Α(Δ
1385 2589 1488 2612 radians
1502 2590 1521 2611 (Ι
1616 2585 1648 2611 18
1667 2590 1785 2610 ornatum
1799 2586 1825 2609 E

224 2641 285 2657 suae
305 2642 352 2656 om.
367 2633 421 2657 XF
465 2634 590 2665 praestitit
604 2636 624 2657 0
672 2633 782 2657 mndenis
797 2633 834 2656 L¹
920 2632 949 2656 19
969 2633 1080 2657 amicitia
1095 2633 1153 2656 libri
1240 2631 1273 2656 20
1292 2630 1423 2662 sumenda]
1443 2639 1542 2655 summa
1556 2630 1582 2654 N
1626 2630 1734 2653 maxime
1749 2629 1827 2653 XEF

223 2685 281 2708 gen.
306 2677 346 2700 fel.
370 2680 407 2700 est
426 2676 458 2707 R,
486 2677 526 2701 sel.
551 2681 588 2701 est
610 2686 668 2709 geu.
689 2676 717 2700 N
838 2676 871 2700 22
895 2676 1010 2708 publicos
1028 2678 1048 2700 0
1168 2674 1201 2700 ‘23
1225 2676 1299 2699 turba
1323 2684 1370 2699 om.
1390 2674 1419 2698 N
1536 2672 1569 2697 ‘25
1592 2673 1720 2696 ludim-atur
1740 2670 1823 2703 I’³[.'J

171 2717 204 2743 26
222 2718 312 2751 gloria]
332 2728 402 2743 amor
414 2719 454 2743 Β)
559 2719 591 2744 2ῖ
611 2719 674 2751 uid.]
695 2719 745 2743 uid.
765 2727 819 2743 esse
832 2719 879 2742 Jsa
984 2718 1018 2743 '28
1037 2719 1127 2751 praeci.
1148 2719 1188 2742 dil.
1206 2718 1284 2742 A'Elv'
1356 2716 1392 2749 tu]
1412 2722 1464 2742 tum
1479 2716 1540 2743 DX,
1564 2720 1665 2740 tuorum
1680 2715 1711 2743 E,
1735 2720 1769 2739 tot
1787 2715 1821 2738 ⁴1⁰

172 2761 205 2786 ‘29
224 2763 373 2794 perspicuus
386 2762 413 2786 E
515 2762 549 2787 30
567 2764 611 2787 ius.
631 2764 689 2787 hou.
708 2763 732 2786 Κ
833 2762 864 2786 31
887 2761 1050 2794 praeiudicia]
1071 2762 1246 2794 praeuidentia
1262 2761 1287 2785 E
1356 2761 1427 2785 tardo
1445 2758 1587 2790 euenirent]
1607 2759 1733 2782 euitareut
1751 2758 1821 2781 tardo

173 2806 305 2830 euenirent
321 2806 349 2835 0,
371 2814 417 2830 e-ue
437 2807 508 2831 tardo
528 2807 660 2831 euenirent
680 2806 716 2832 Μ,
739 2806 871 2831 euenirent
890 2807 961 2830 tardo
981 2805 1061 2830 XEF
1129 2804 1250 2838 praemia]
1272 2805 1407 2837 praeconia
1428 2804 1454 2828 E
1555 2802 1588 2826 3⁵2
1607 2803 1779 2833 suffragantur
1799 2801 1825 2824 Ε

226 2849 335 2873 ueuendi
356 2840 381 2872 Ρ.
397 2840 414 2844 Ν
481 2848 515 2873 34
533 2849 665 2882 prineipio]
684 2850 819 2882 primordio
838 2849 864 2873 E
931 2854 1015 2874 ratum
1035 2849 1064 2873 K

277 2894 459 2920 CAssmnonvs.
1639 2890 1669 2914 n

1843 1969 1858 1985 25⁴
1864 1971 1867 1983 Ι

1889 334 1906 361 251

1887 979 1904 999 ⁸)

1889 1000 1905 1007 ..ι

1887 1239 1904 1267 3

1886 2120 1903 2147 (i
