2279 3261
370 1603 387 1631 ΚΦ

407 737 430 754 10

407 996 429 1013 15

406 1453 430 1471 20

409 1970 433 1988 30

450 184 509 213 298
1165 179 1376 206 CASSIODORI

448 268 594 309 piissime
622 268 806 308 imperator⁷
837 267 937 296 multo
966 267 1082 296 melius
1112 266 1221 297 divina
1251 266 1448 301 tribuerunt.
1482 265 1607 306 quando
1634 268 1774 296 vestram
1800 266 1935 307 gratiam
1961 277 2092 297 securus

448 322 576 360 expeto.
602 329 696 359 quam
715 318 1062 359 praecellentissimam
1081 317 1231 348 domnam
1250 328 1392 348 sororem
1411 327 1516 348 meam
1534 317 1711 354 vobiscum,
1736 318 1899 358 pepigisse
1921 328 2090 358 cognosco.

447 369 498 400 Ab
523 370 592 400 eius
618 369 701 400 enim
725 369 842 399 iudicio
868 379 918 399 mc
944 369 1128 400 nullatenus
1153 369 1282 400 deviare
1302 369 1516 399 certissimum
1535 372 1593 405 est.
1619 379 1701 410 quae
1719 371 1809 399 tanta
1826 369 2004 410 sapientiae
2020 368 2092 399 luce

447 420 650 462 resplendet.
682 424 717 451 ut
750 424 781 450 et
809 421 939 461 propria
968 431 1068 461 regna
1095 421 1235 451 mirabili
1265 420 1472 461 dispositione
1502 424 1672 461 componat
1701 423 1733 450 et
1756 421 1943 461 promissam
1968 421 2092 451 cunctis

449 473 583 513 gratiam
608 472 740 502 robusta
763 472 914 502 firmitate
940 471 1109 502 custodiat.
1152 472 1225 502 ideo
1251 472 1334 502 enim
1360 482 1410 501 me
1436 482 1581 501 curarum
1608 482 1737 502 suarum
1762 471 1840 502 fecit
1864 482 1934 502 esse
1959 472 2091 508 socium,

448 527 607 565 quatenus
634 526 665 554 et
690 534 749 564 ego
774 524 848 553 illos
873 523 1054 554 desiderem
1080 523 1201 554 habere
1227 522 1435 557 reverendos,
1459 533 1539 564 quos
1566 523 1626 553 sibi
1652 523 1723 564 ipsa
1744 523 1821 554 fecit
1839 533 1910 554 esse
1928 524 2092 564 pacificOS,

448 575 639 617 prudentiae
666 585 743 606 suae
768 586 857 606 more
882 575 1076 611 diiudicans.
1106 580 1141 606 ut
1165 575 1276 606 talium
1301 575 1458 605 amicitias
1483 574 1634 615 eligeret,
1666 575 1719 615 qui
1742 575 1774 605 in
1797 578 1864 605 toto
1889 574 1967 605 orbe
1992 575 2092 605 simile

448 627 492 657 nil
517 627 685 657 haberent.
731 626 845 667 Neque
871 627 955 657 enim
981 638 1065 658 nova
1090 631 1137 658 est
1161 628 1222 658 ista
1247 627 1392 658 dilectio:
1423 637 1496 657 nam
1522 627 1546 657 si
1571 627 1779 657 decessorum
1803 630 1983 657 vestrorum
2007 627 2094 658 facta

449 679 613 712 recolatis.
648 679 821 719 agnoscitis
854 679 1014 719 quandam
1047 690 1118 710 esse
1150 679 1395 710 consuetudinis
1428 679 1533 719 legem
1566 689 1635 708 cum
1666 679 1721 708 illo
1755 678 1889 718 imperio
1922 679 2093 709 amicitiam

449 730 604 760 Hamalos
631 740 760 771 semper
783 730 948 761 habuisse.
993 741 1075 771 quae
1101 734 1225 761 tantum
1250 731 1366 761 certior
1390 734 1544 771 quantum
1570 730 1735 767 vetustior,
1761 730 1836 770 quia
1860 730 1954 760 facile
1977 730 2094 760 mutari

448 792 511 812 non
541 784 649 823 potest
678 781 762 822 quod
791 792 849 823 per
878 782 975 822 longa
1006 782 1136 813 saecula
1166 781 1356 812 custoditur.
1404 781 1557 822 suscipite
1588 782 1697 821 itaque
1722 781 1906 812 affectuosis
1931 781 2093 812 mentibus

449 836 480 863 et
505 837 614 863 nostra
638 833 813 874 primordia
837 837 868 863 et
893 833 1030 865 domnae
1055 834 1173 864 sororis
1198 838 1340 868 nostrae,
1366 833 1416 863 cui
1442 833 1651 874 singulariter
1668 833 1815 871 studetis,
1839 833 1946 864 favete
1965 833 2093 864 iudicio.

448 895 521 915 nam
552 886 577 915 si
606 896 656 915 me
687 885 834 916 similiter
862 885 1011 926 diligitis.
1042 896 1152 927 regem
1185 885 1422 926 quodammodo
1447 885 1568 926 pariter
1591 885 1727 915 efficitis.
1774 884 1838 915 Sed
1864 885 2012 926 quoniam
2037 895 2094 915 nos

449 937 586 977 amplius
620 937 708 978 loqui
740 937 903 968 desideria
937 938 1090 968 novitatis
1122 940 1301 979 exposcunt
1334 940 1365 967 et
1395 937 1572 967 litterarius
1605 947 1710 968 sermo
1743 947 1874 968 narrare
1908 937 2000 978 plura
2031 947 2095 967 non

449 989 581 1030 patitur.
614 989 686 1019 ideo
717 990 815 1020 tantis
844 990 983 1027 meritis,
1016 991 1098 1020 sicut
1126 990 1258 1031 dignum
1288 993 1352 1025 est.
1389 989 1592 1020 salutationis
1623 988 1743 1019 honore
1773 989 1947 1030 completo,
1981 988 2094 1019 harum

448 1041 659 1081 portitoribus
688 1041 805 1082 legatis
835 1042 953 1072 nostris
982 1043 1090 1083 aliqua
1119 1042 1233 1083 pietati
1262 1045 1391 1072 vestrae
1421 1041 1644 1082 delegavimus
1673 1040 1864 1077 intimanda,
1897 1041 1971 1081 quia
2000 1051 2094 1071 nemo

448 1092 557 1123 utilius
584 1096 698 1123 tractat
723 1103 817 1134 quam
843 1093 895 1134 qui
921 1097 1048 1124 vestrae
1073 1093 1315 1123 mansuetudini
1341 1093 1542 1123 committere
1567 1103 1624 1123 sua
1648 1097 1723 1122 vota
1747 1091 1915 1122 deliberat.

1240 1257 1303 1288 111.

707 1326 902 1358 SENATUI
927 1327 1060 1358 unsis
1085 1327 1242 1358 ROMAE
1269 1325 1629 1357 AMALASUINTHA
1656 1325 1838 1356 REGINA.
1986 1352 2015 1372 a·
2035 1343 2095 1372 534

555 1395 633 1426 Post
657 1396 795 1427 flebilem
820 1397 876 1427 filii
907 1398 1006 1428 nostri
1036 1397 1129 1427 divae
1161 1397 1394 1427 recordationis
1426 1407 1576 1427 occasum
1606 1397 1683 1427 vicit
1713 1396 1852 1426 animum
1882 1396 1953 1436 piae
1985 1395 2096 1426 matris

449 1447 671 1487 generalitatis
696 1449 834 1485 affectio.
859 1452 895 1479 ut
919 1460 980 1479 non
1007 1450 1160 1479 maeroris
1186 1449 1234 1479 sui
1261 1460 1387 1484 causas.
1413 1449 1469 1479 sed
1488 1452 1596 1479 vestra
1613 1448 1718 1489 potius
1737 1451 1911 1487 augmenta
1929 1446 2095 1487 cogitaret.

449 1499 667 1539 quaesivimus
691 1501 819 1541 regales
845 1512 937 1531 curas
963 1511 1025 1542 quo
1051 1501 1170 1531 solacio
1195 1500 1389 1531 fulciremus.
1434 1499 1490 1530 sed
1516 1504 1627 1530 auctor
1651 1499 1704 1529 ille
1731 1498 1890 1529 castitatis
1915 1502 1947 1528 et
1971 1498 2096 1528 miseri-

450 1550 577 1581 cordiae.
596 1552 779 1592 singularis,
805 1553 858 1594 qui
876 1553 969 1583 nobis
988 1553 1187 1594 primaevum
1207 1553 1430 1582 subtracturus
1449 1555 1518 1582 erat
1542 1551 1652 1581 filium.
1678 1551 1794 1581 maturi
1818 1550 1924 1581 fratris
1948 1560 2095 1580 reserva-

450 1603 495 1632 vit
518 1602 681 1633 affectum.
721 1603 888 1645 Elegimus
914 1604 974 1635 deo
1000 1605 1131 1645 auspice
1156 1608 1335 1634 consortem
1362 1604 1453 1644 regni
1476 1603 1577 1633 nostri
1595 1603 1812 1633 felicissimum
1830 1601 2096 1638 Theodahadum,

450 1657 485 1684 ut
509 1665 591 1695 quac
617 1655 772 1686 hactenus
798 1656 843 1686 rei
868 1656 1017 1697 publicae
1043 1657 1160 1686 molem
1192 1656 1336 1686 solitaria
1365 1655 1563 1696 cogitatione
1593 1654 1796 1695 pertulimus.
1827 1664 1910 1683 nunc
1939 1653 2096 1683 utilitates

408 1711 426 1730 2«
453 1706 594 1736 omnium
620 1707 734 1737 iunctis
764 1707 903 1738 consiliis
934 1718 1142 1749 exequamur.
1173 1712 1333 1748 quatenus
1364 1708 1395 1737 in
1425 1707 1616 1737 tractatibus
1646 1706 1723 1740 duo.
1754 1706 1784 1736 in
1815 1705 1984 1736 sententiis
2015 1715 2097 1735 unus

452 1767 524 1787 csse
551 1756 725 1788 videamur.
772 1758 868 1788 Astra
893 1759 962 1800 ipsa
987 1759 1067 1789 caeli
1092 1763 1202 1789 mutuo
1227 1763 1383 1799 reguntur
1407 1759 1529 1789 auxilio
1555 1762 1587 1789 et
1618 1758 1738 1788 vicario
1766 1758 1876 1788 labore
1905 1757 2098 1798 participata

450 1808 603 1838 mundum
638 1809 703 1839 suis
735 1810 910 1840 luminibus
943 1811 1189 1841 amministrant.
1241 1811 1302 1851 ipsi
1335 1821 1461 1851 quoque
1494 1810 1615 1840 homini
1648 1809 1791 1850 duplices
1827 1819 1955 1847 manus,
1992 1808 2095 1838 socias

451 1870 556 1895 aures,
582 1861 692 1891 oculos
717 1862 863 1901 geminos
889 1862 997 1892 divina
1020 1863 1213 1896 tribuerunt,
1238 1865 1273 1892 ut
1291 1862 1455 1892 robustius
1473 1865 1686 1903 perageretur
1703 1861 1843 1891 officium
1861 1860 1944 1901 quod
1962 1859 2096 1890 duorum

451 1911 557 1941 fuerat
581 1912 740 1943 societate
766 1913 1001 1955 complendum.
1049 1914 1214 1949 Exultate.
1240 1917 1348 1955 patres
1373 1913 1554 1954 conscripti.
1580 1917 1612 1943 et
1636 1913 1757 1944 factum
1781 1916 1924 1943 nostrum
1949 1912 2096 1953 supernis

454 1964 676 1994 commendate
702 1965 884 1996 virtutibus.
931 1966 1008 1996 nihil
1034 1966 1291 2007 reprehensibile
1317 1965 1571 1996 desideravimus
1601 1975 1714 2005 agere.
1749 1975 1830 2004 quae
1861 1974 1932 1994 cum
1963 1963 2096 1994 alterius

453 2015 587 2045 consilio
613 2021 729 2047 cuncta
752 2017 932 2058 delegimus
958 2018 1116 2048 ordinare.
1164 2018 1345 2048 communio
1372 2017 1530 2058 siquidem
1555 2017 1646 2057 regni
1672 2027 1777 2047 mores
1809 2016 1938 2051 asserit.
1969 2015 2095 2056 quando

555 2136 827 2168 BZNKEOEfflaU)

489 2247 490 2250 Ἴ
558 2214 568 2237 1
589 2213 700 2245 quando]
727 2216 844 2246 quoniam
866 2215 886 2238 A
1007 2216 1022 2239 2
1042 2220 1147 2248 expecto
1168 2216 1320 2240 XKEHGI
1405 2216 1688 2248 pei-excellentissimam
1710 2215 1783 2239 HGI
1866 2214 1993 2247 domnam]
2020 2214 2096 2238 domi-

453 2266 509 2281 1111111
528 2257 603 2282 IIGI.
623 2266 670 2281 0711.
686 2257 707 2280 A
777 2257 866 2289 nicam]
888 2263 997 2282 nostram
1016 2259 1105 2282 Ix'Ehl
1175 2257 1317 2290 uobiscum]
1338 2259 1411 2282 uobis
1426 2259 1527 2282 KEFA
1634 2257 1649 2282 3
1669 2257 1770 2290 iudicio}
1791 2259 1859 2282 omni
1879 2259 1892 2282 i.
1910 2258 1960 2282 HG
2032 2258 2096 2282 ulla-

451 2303 526 2323 tenus
549 2300 572 2322 Ι(
648 2299 726 2331 {aulul
747 2304 763 2323 t.
783 2309 809 2324 se
830 2301 852 2324 A
964 2301 979 2324 4
999 2302 1157 2333 resplendere
1179 2302 1200 2324 11
1281 2305 1304 2325 et
1325 2300 1413 2333 prom]
1435 2307 1463 2325 ut
1482 2310 1560 2333 prom.
1580 2301 1604 2325 B
1624 2306 1679 2329 (em.
1701 2311 1730 2325 711.
1751 2303 1810 2329 rec.)
1924 2301 1939 2325 5
1959 2299 2095 2332 custodiat]

452 2347 586 2373 componat
607 2342 649 2365 Na
719 2351 822 2366 suarum
843 2352 888 2367 om.
906 2344 957 2367 HG
969 2344 994 2367 ¹]
1092 2344 1107 2368 6
1128 2343 1229 2375 babere]
1250 2352 1304 2368 esse
1319 2344 1344 2367 l(
1409 2345 1467 2368 facit
1482 2344 1514 2373 N,
1533 2346 1619 2369 fecerit
1632 2345 1659 2368 1³
1720 2353 1774 2368 esse
1793 2354 1840 2368 0711.
1855 2344 1906 2368 ΖΝ
2001 2343 2015 2368 7
2034 2351 2096 2368 suae

453 2393 500 2408 om.
515 2384 544 2407 N
611 2393 678 2408 more
698 2395 744 2409 υιιι.
760 2385 783 2408 Ζ
850 2386 1003 2410 ‹lisiudicans
1021 2386 1061 2410 E¹
1133 2387 1213 2411 simile
1232 2385 1277 2418 1111]
1298 2387 1392 2410 similes
1412 2396 1462 2411 non
1477 2387 1530 2411 EF
1630 2386 1646 2411 S
1665 2388 1869 2420 predecessorum
1883 2387 1936 2411 EF
2003 2390 2097 2411 nostro-

452 2436 507 2451 rum
522 2427 573 2451 JIG
581 2427 617 2451 [A
718 2428 732 2452 9
752 2429 825 2452 amic.
846 2429 911 2453 ham.
933 2430 1042 2459 (amalos
1057 2431 1091 2453 A»
1111 2428 1199 2461 semp]
1220 2430 1293 2453 amic.
1307 2438 1384 2461 semp.
1404 2430 1478 2454 amal.
1492 2430 1524 2459 F,
1537 2430 1612 2454 amal.
1629 2431 1702 2454 amic.
1716 2439 1792 2462 semp.
1808 2430 1881 2454 HG]
1978 2428 2011 2454 10
2028 2433 2097 2453 tanto

453 2479 474 2494 c.
494 2475 590 2501 quanto
612 2472 633 2494 ,1
742 2470 769 2494 11
791 2471 926 2495 affectinsis
941 2471 963 2495 Β
1080 2471 1109 2495 12
1129 2473 1245 2496 dominae
1264 2472 1310 2498 (ιἸ,
1329 2473 1411 2496 donne
1426 2473 1459 2496 H
1522 2473 1689 2505 singularium
1704 2473 1729 2497 lx·
1798 2474 1849 2497 iud.
1870 2475 1953 2497 fauete
1967 2472 2096 2502 KE¹FA,

454 2514 504 2537 iud.
529 2514 612 2537 fauere
633 2513 673 2537 Ε2
815 2513 844 2537 14
868 2523 932 2538 narr.
957 2514 1040 2546 plural
1063 2515 1165 2542 lJle'J,
1192 2524 1258 2540 narr.
1284 2516 1393 2547 plurima
1412 2516 1493 2542 ZNE.
1521 2517 1630 2548 plurima
1654 2525 1719 2541 narr.
1739 2516 1799 2543 RF,
1826 2525 1890 2540 narr.
1916 2517 2053 2548 plurimum
2073 2517 2096 2540 A

454 2557 484 2580 1⁴5
504 2557 656 2588 portioribus
678 2556 746 2580 IlGst
835 2558 925 2589 pietate
946 2558 974 2581 II
1094 2558 1122 2582 1?
1143 2560 1319 2582 consuetudini
1341 2559 1431 2583 ΗΘΒ]
1516 2563 1574 2583 nota
1595 2559 1620 2583 Κ
1742 2558 1772 2583 19
1791 2560 1867 2584 diuae
1891 2558 1951 2589 (om.
1972 2559 2023 2586 Ga)
2048 2568 2096 2583 rec.

453 2600 487 2623 fil.
508 2608 529 2622 11.
552 2599 622 2622 JIGJ
725 2598 758 2622 *20
776 2601 900 2631 generalis
923 2601 948 2623 J(
1050 2602 1078 2624 2]
1103 2601 1249 2625 fulciremur
1269 2601 1320 2624 ΖΝ
1386 2603 1498 2626 caritatis
1518 2601 1589 2625 E1F
1688 2601 1720 2626 ‘2'2
1740 2603 1813 2626 matri
1831 2602 1871 2625 E²
1977 2601 2010 2626 23
2029 2602 2097 2634 eligi-

454 2652 509 2667 mus
524 2643 595 2666 HG]
664 2652 731 2675 regn.
752 2647 828 2667 nostr.
849 2652 910 2667 cons
932 2644 963 2673 F,
984 2653 1051 2667 cons.
1073 2649 1149 2668 nostr.
1170 2644 1324 2676 regu.H(1']
1393 2645 1566 2669 felicissimum
1587 2654 1632 2668 11111.
1649 2645 1669 2668 A
1743 2646 1930 2669 theodohadum
1944 2645 1976 2675 N,
1996 2645 2097 2669 theodo-

453 2686 557 2709 baldum
578 2685 609 2713 Ε,
627 2686 789 2710 theobaldum
811 2686 871 2713 HG,
892 2687 1037 2710 theoaldum
1058 2687 1100 2713 ΙΙ),
1119 2688 1153 2710 th.
1176 2687 1214 2710 Jw
1337 2687 1369 2711 :24
1390 2689 1433 2719 qui
1455 2688 1557 2711 GthA
1644 2688 1735 2711 molere
1756 2687 1786 2711 H
1865 2688 2008 2719 cognitione
2028 2687 2101 2711 HGI

453 2727 486 2752 25
509 2729 571 2752 duos
592 2729 612 2751 A
643 2728 698 2753 (ent.
725 2729 750 2752 in
775 2737 823 2752 err.
848 2731 908 2760 tjsp.)
1014 2738 1093 2754 111111111
1114 2730 1211 2753 Nlla]
1348 2730 1380 2754 *29
1404 2732 1487 2755 suerat
1511 2739 1558 2754 om.
1579 2730 1602 2753 h·
1629 2734 1678 2755 test
1700 2731 1746 2753 ins.
1770 2739 1801 2753 m.
1827 2730 1885 2762 rec.)
1990 2729 2097 2762 factum]

454 2772 556 2795 fratrem
572 2771 619 2795 EG
689 2772 806 2803 superius
820 2771 917 2795 Hlvffl
1017 2772 1051 2797 30
1069 2772 1141 2805 1111111]
1163 2774 1197 2797 1111
1212 2774 1289 2800 HGJ,
1308 2782 1376 2798 nunc
1389 2774 1431 2798 Ε2
1500 2774 1671 2798 desideramus
1687 2773 1781 2797 HGIA
1845 2774 1888 2798 alt.
1902 2772 1980 2806 eona]
1995 2774 2099 2806 BHGI,

453 2823 520 2838 cons.
541 2815 584 2838 alt.
605 2815 695 2845 reliaestzl'
