2279 3261
929 715 982 771 A
994 715 1458 775 DDITAMEN
1464 717 1596 775 TA.

1025 919 1089 954 AD
1117 919 1424 956 PRAEFATION
1426 921 1501 957 EM.

437 983 467 1007 ad
487 991 510 1015 p.
524 984 607 1008 XXII.
637 985 675 1009 De
690 985 844 1010 hem-ematis
858 986 926 1018 apud
939 986 1119 1010 Cassiodorum
1132 987 1278 1011 memoratis
1291 990 1347 1019 post
1360 988 1525 1012 Knaackinm
1538 988 1673 1019 diligenter
1686 991 1804 1022 exposuit
1815 991 1942 1015 Martinus
1955 992 2088 1016 Kremmer

432 2155 464 2179 ad
483 2163 506 2187 p.

432 2242 463 2265 ad
483 2250 505 2273 p.

430 2327 463 2351 ad
482 2335 504 2358 p.

430 2370 462 2394 ad
481 2379 504 2402 p.

430 2413 461 2437 ad
480 2421 504 2445 p.

430 2455 461 2479 ad
480 2464 504 2487 p.

541 1026 581 1057 (de
600 1027 723 1059 catalogis
743 1028 927 1053 heurematum.
964 1029 1065 1061 Lipsiae
1085 1028 1152 1054 1890
1170 1038 1193 1061 p.
1213 1028 1247 1054 90
1256 1029 1329 1061 seq.),
1348 1030 1503 1055 contendens
1522 1039 1572 1055 non
1591 1039 1622 1055 ex
1642 1033 1746 1064 Hygino
1765 1033 1882 1058 hausisse
1901 1035 2086 1065 Cassiodorum,

540 1070 583 1094 sed
601 1071 710 1102 pendere
729 1074 867 1103 utrumque
892 1080 908 1096 a
933 1073 1035 1096 comuni
1054 1075 1165 1097 auctore.
1201 1077 1226 1097 et
1245 1073 1365 1097 differunt
1383 1074 1486 1098 omniuo
1506 1075 1629 1106 quaedam
1653 1076 1721 1107 apud
1744 1080 1880 1108 utrumque
1902 1078 1981 1102 relata
1999 1082 2025 1102 et
2042 1078 2088 1102 ab-

539 1118 599 1137 sunt
617 1113 649 1137 ab
668 1114 772 1146 Hygino
785 1118 872 1140 nostro
886 1123 950 1146 quae
964 1116 1132 1140 inveniuntur
1147 1116 1216 1147 apud
1230 1116 1408 1140 Cassiodorum
1422 1117 1477 1140 eius
1489 1117 1590 1148 generis
1603 1119 1760 1143 narrationes
1778 1121 1796 1150 Ι1
1815 1118 1838 1150 2,
1857 1119 1871 1143 7
1885 1121 1915 1145 de
1929 1129 2041 1153 purpura
2057 1134 2087 1138 —

538 1157 570 1184 IIv
586 1155 628 1187 40,
650 1156 681 1181 14
705 1157 734 1181 de
754 1158 851 1182 cithara
870 1171 900 1175 -—
922 1159 966 1186 111,
981 1157 1022 1187 52,
1035 1157 1051 1182 3
1071 1159 1101 1183 de
1119 1159 1258 1190 geometria
1277 1172 1310 1175 —
1324 1159 1353 1189 V,
1370 1158 1408 1190 1'1'⁷
1422 1158 1438 1182 2
1457 1160 1487 1184 de
1507 1161 1565 1184 navi
1586 1174 1616 1177 —
1631 1161 1673 1191 Vi,
1690 1160 1727 1193 18,
1742 1161 1758 1186 6
1776 1163 1806 1187 (le
1825 1171 1891 1195 pane
1911 1177 1942 1180 —
1960 1164 2002 1195 VI,
2016 1163 2058 1194 21,
2071 1162 2088 1188 2

539 1199 569 1223 de
588 1203 657 1223 veste
680 1213 711 1216 —
730 1200 786 1231 VII,
800 1200 823 1232 5,
837 1200 853 1225 2
872 1202 902 1225 de
921 1202 1024 1226 fabricis
1044 1215 1074 1218 -—
1094 1202 1151 1230 vii,
1167 1201 1204 1233 15,
1218 1201 1234 1226 3
1253 1202 1282 1226 de
1302 1203 1392 1226 statuis
1412 1215 1442 1219 -—
1465 1203 1525 1234 vil,
1539 1201 1579 1234 32,
1593 1202 1616 1228 4.
1631 1203 1646 1228 5
1672 1205 1702 1229 de
1720 1206 1830 1237 pecunia
1848 1210 1873 1230 et
1891 1207 1921 1230 de
1935 1210 2036 1231 moneta
2055 1221 2087 1224 —

538 1242 606 1273 VIII,
620 1242 660 1273 31,
675 1242 691 1267 8
709 1243 739 1268 de
762 1244 896 1268 Palamede
918 1258 951 1261 —
976 1245 1020 1272 XI,
1035 1242 1076 1275 38,
1090 1243 1106 1268 2
1125 1245 1155 1269 de
1175 1245 1279 1273 charta,
1302 1253 1414 1276 quarum
1438 1246 1571 1278 plerasque
1596 1250 1663 1272 certe
1685 1251 1786 1273 constat
1814 1249 1893 1273 redire
1921 1250 1952 1274 ad
1979 1250 2088 1274 eundem

539 1289 674 1310 auctorem.
711 1289 737 1310 at
757 1287 820 1311 liber
833 1287 998 1319 Hyginianus
1017 1296 1074 1311 cum
1094 1296 1145 1312 non
1164 1288 1258 1312 habeat
1277 1288 1325 1312 nisi
1344 1289 1437 1313 vetusti
1455 1289 1596 1321 compendii
1610 1290 1732 1321 reliquias
1754 1291 1820 1316 male
1842 1295 1982 1324 truncatas,
2001 1296 2087 1318 utrum

537 1328 704 1353 Cassiodorus
731 1330 875 1355 adhibuerit
903 1339 960 1355 eum
990 1331 1118 1362 integrum
1141 1339 1175 1355 an
1198 1332 1295 1363 Hygini
1321 1336 1464 1362 auctorem,
1487 1341 1650 1364 nequaquam
1677 1334 1789 1359 decisum
1813 1338 1858 1359 est.
1900 1335 1949 1360 hoc
1970 1336 2087 1361 addimus

539 1379 606 1402 qnae
625 1372 655 1396 dc
681 1376 776 1405 septem
803 1373 933 1399 miraculis
952 1374 1040 1398 mundi
1059 1373 1226 1404 (narrationes
1245 1383 1288 1399 eas
1309 1384 1390 1408 nuper
1409 1376 1550 1408 composuit
1568 1377 1732 1402 Hei-mannus
1752 1378 1840 1402 Seliott
1858 1378 1888 1402 de
1904 1382 1999 1410 septem
2018 1380 2087 1404 orbis

537 1415 689 1446 spectaculis
703 1416 832 1440 Anshachi
852 1415 926 1447 1891,
947 1417 1088 1449 poteritque
1108 1418 1168 1441 item
1187 1418 1295 1442 conferri
1316 1419 1494 1450 E.Weud1ing
1513 1419 1543 1443 de
1563 1420 1635 1451 peplo
1657 1421 1807 1445 Aristotelen
1826 1422 1987 1452 Argentorati
2010 1421 2086 1454 1891)

537 1458 615 1483 habet
634 1463 740 1491 uterque
760 1461 791 1484 ad
811 1461 918 1485 verbum
937 1462 988 1485 sere
1010 1462 1167 1493 conspirare:

537 1510 755 1543 var.V11‚15,4.
802 1513 898 1537 Ferunt
922 1513 997 1545 prisci
1024 1513 1120 1538 saeculi
1145 1518 1288 1539 narratores
1340 1515 1460 1546 Hyginus
1479 1523 1500 1538 c.
1519 1514 1577 1539 223,
1614 1516 1714 1547 Septem
1733 1525 1809 1548 opera
1832 1516 1968 1541 mirabilia:
1993 1517 2086 1549 Ephesi

589 1555 744 1579 fabricarum
759 1558 854 1587 septem
868 1558 966 1580 tantum
980 1557 1052 1580 terris
1070 1556 1202 1581 adtributa
1215 1557 1287 1582 mira-

590 1597 661 1621 cula:
687 1598 781 1630 Ephesi
806 1599 904 1622 Dianae
931 1599 1067 1631 templum:
1092 1600 1159 1631 regis
1178 1600 1286 1624 Mausoli

590 1640 789 1671 pulcherrimum
804 1645 1006 1671 monumentum,
1020 1651 1034 1666 a
1047 1651 1097 1673 quo
1117 1646 1141 1667 et
1160 1643 1286 1668 mausolea

589 1683 655 1707 dicta
676 1688 746 1708 sunt:
775 1685 855 1708 Rhodi
877 1684 936 1708 solis
955 1693 1061 1709 aeneum
1080 1686 1196 1717 signum,
1220 1687 1287 1717 quod

589 1726 702 1751 colossus
728 1731 845 1751 vocatur:
872 1728 939 1752 Iovis
963 1728 1090 1760 Olympici
1113 1728 1285 1759 simulacrum,

589 1769 656 1800 quod
672 1770 776 1795 Phidias
795 1771 892 1802 primus
906 1771 1030 1795 artificum
1045 1779 1144 1796 summa
1157 1772 1286 1803 elegantia

588 1813 663 1837 ebore
687 1820 801 1844 auroque
830 1814 958 1838 formavit.-
984 1814 1044 1846 Cyri
1066 1815 1199 1839 Medorum
1219 1816 1286 1847 regis

588 1855 691 1886 domus,
720 1864 797 1887 qnam
827 1857 947 1881 Memnon
975 1860 1027 1881 arte
1051 1857 1157 1889 prodiga
1180 1857 1285 1890 illigatis

588 1906 650 1922 auro
682 1898 810 1930 lapidibus
842 1899 992 1924 fabricavit:
1024 1900 1180 1932 Babyloniae
1211 1901 1284 1928 muri,

589 1950 652 1972 quos
681 1942 827 1966 Samiramis
854 1943 941 1974 regina
972 1943 1050 1967 latere
1079 1946 1149 1967 cocto
1181 1943 1284 1975 sulpure

589 1985 705 2015 ferroque
737 1986 893 2009 construxit:

588 2036 695 2058 quarum
717 2028 740 2051 in
759 2036 805 2051 sno
820 2032 887 2052 statu
901 2038 927 2052 sc
946 2030 1034 2053 umbra
1052 2037 1203 2053 consumens
1219 2030 1283 2053 ultra

926 1986 1070 2017 pyramides
1100 1987 1126 2009 in
1158 1987 1283 2018 Aegypto,

588 2071 783 2095 e=:·11st1·uctionis
802 2071 883 2102 spatia
904 2072 974 2096 nulla
995 2075 1065 2103 parte
1085 2073 1225 2104 respicitur.

1392 1558 1488 1582 Dianae
1516 1558 1650 1590 templum,
1679 1559 1746 1590 quod
1769 1559 1828 1584 fecit
1856 1560 1969 1584 Amazon
1997 1560 2087 1585 Otrera

1393 1601 1481 1624 Martis
1512 1601 1632 1625 coniunx
1664 1601 1849 1625 Monimentum
1877 1603 1945 1634 regis
1975 1603 2086 1628 Mausoli

1392 1643 1518 1675 lapidibus
1542 1644 1686 1675 lychniticis
1705 1644 1784 1668 altum
1810 1645 1885 1676 pedes
1910 1646 2018 1676 LXXX,
2038 1646 2084 1670 cir-

1392 1686 1476 1710 cuitus
1496 1687 1570 1718 pedes
1589 1686 1760 1711 (iOCCCXL.

1390 1736 1512 1755 aeneum,
1540 1730 1563 1753 id
1592 1734 1630 1754 est
1656 1730 1780 1760 colossus,
1808 1730 1874 1755 altus
1902 1731 2009 1762 pedibus
2032 1732 2084 1756 XC.

1390 1771 1496 1802 Signum
1523 1773 1591 1796 Iovis
1615 1773 1740 1805 Olympii,
1764 1773 1830 1804 quod
1853 1774 1913 1797 fecit
1930 1774 2034 1799 Phidias
2053 1782 2084 1798 ox

1390 1814 1464 1838 chore
1483 1818 1507 1839 et
1525 1823 1596 1846 auro,
1617 1816 1706 1840 sedens
1724 1816 1800 1847 pedes
1819 1817 1872 1839 LX.
1909 1817 2006 1841 Domus
2024 1818 2085 1850 Cyri

1390 1857 1455 1889 regis
1474 1858 1500 1881 in
1520 1859 1666 1884 Ecbatanis.
1685 1867 1762 1890 quam
1781 1859 1840 1883 fecit
1859 1859 1978 1884 Memnon
1995 1860 2084 1892 lapidi-

1391 1900 1439 1924 bus
1458 1901 1534 1925 variis
1553 1904 1577 1925 et
1595 1901 1710 1925 candidis
1729 1902 1822 1926 vinctis
1840 1910 1910 1927 auro.
1948 1903 2038 1928 Murus
2058 1904 2083 1928 in

1800 1688 1880 1712 Rhodi
1900 1689 2002 1720 signum
2019 1689 2084 1714 Solis

1390 1944 1544 1975 Babylonia.
1565 1952 1639 1975 quem
1659 1945 1718 1968 fecit
1737 1945 1880 1969 Semiramis
1899 1946 2014 1970 Dercetis
2032 1946 2084 1971 filia

1389 1987 1465 2011 latere
1489 1991 1559 2011 coeto
1583 1991 1607 2011 et
1631 1987 1752 2019 sulphure
1771 1989 1836 2013 ferro
1855 1989 1983 2018 vinctum,
2002 1989 2084 2014 latum

1389 2030 1463 2061 pedes
1477 2029 1556 2059 XXV,
1576 2030 1656 2054 altum
1670 2031 1746 2062 pedes
1759 2031 1812 2059 LX,
1832 2031 1858 2055 in
1872 2031 1980 2055 circuitu
1993 2032 2083 2056 stadio-

1388 2080 1444 2096 rum
1472 2074 1540 2096 CCC.
1588 2073 1737 2104 Pyramides
1765 2073 1790 2097 in
1819 2074 1947 2106 Aegypto,
1975 2083 2082 2106 quarum

1387 2115 1478 2140 umbra
1497 2123 1546 2139 non
1567 2115 1674 2145 videtur⁷
1694 2115 1760 2140 altae
1779 2116 1854 2148 pedes
1873 2117 1926 2141 Lx.

528 2156 609 2179 XVII.
646 2157 675 2179 ln
699 2157 868 2189 descriptione
892 2157 949 2181 libri
965 2157 992 2180 Ν
1012 2158 1128 2182 addenda
1151 2162 1188 2182 est
1209 2159 1246 2187 (ut
1266 2159 1318 2182 (lixi
1339 2166 1361 2190 p.
1375 2159 1420 2182 (Ἡ
1439 2166 1462 2181 n.
1476 2157 1519 2189 87)
1541 2159 1703 2190 praescriptio
1728 2158 1785 2182 libri
1805 2159 1865 2183 VIII
1888 2168 1918 2184 ea
1943 2160 1997 2192 ipsa
2017 2168 2082 2192 quae

537 2202 575 2223 est
593 2199 619 2223 in
638 2199 702 2224 libro
722 2200 765 2231 qui
785 2200 913 2232 praecedit
929 2200 956 2224 Z.
1288 2193 1291 2198 ³

527 2242 620 2265 XXIV.
656 2243 789 2267 Accedunt
818 2252 885 2275 quae
913 2244 944 2267 ad
974 2251 1054 2268 meam
1084 2252 1167 2268 reruni
1192 2244 1426 2276 (⁷)strogothicaru1n
1453 2245 1638 2269 enarrationem
1664 2245 1742 2270 adieci
1767 2246 1793 2269 in
1817 2246 1904 2271 eadem
1924 2247 2082 2279 ephemeride

535 2285 585 2309 vol.
600 2284 632 2309 15
652 2284 740 2315 (1890)
760 2294 784 2318 p.
801 2284 943 2310 181—-186.

524 2327 584 2351 XLI
603 2336 626 2351 V.
639 2325 656 2351 4
674 2336 722 2352 scr.
743 2328 866 2353 librorum
880 2337 932 2360 pro
950 2329 1052 2354 librum.

523 2370 595 2394 LVII
613 2379 637 2394 v.
656 2372 813 2403 paenultimo
832 2381 880 2396 scr.
901 2381 925 2396 n.
939 2372 972 2397 82
987 2382 1038 2404 pro
1059 2382 1082 2397 n.
1097 2372 1130 2397 92
1148 2377 1170 2397 eb
1189 2382 1211 2397 n.
1227 2372 1260 2397 ⁸3
1268 2373 1291 2397 A
1306 2382 1358 2405 pro
1378 2373 1448 2399 92A.

523 2413 608 2437 LXIII
627 2422 652 2437 v.
666 2413 700 2438 25
718 2423 766 2439 scr.
788 2413 841 2447 [34]
856 2423 908 2446 pro
927 2414 967 2440 34.

524 2456 589 2480 CIV.
626 2456 698 2481 Adde
717 2455 750 2481 92
770 2457 801 2482 A.
838 2459 1062 2483 BEROLINENSI
1082 2460 1344 2485 PHILLIPPSIANO
1369 2470 1394 2485 n.
1414 2460 1479 2485 1794
1507 2462 1628 2494 (catalogi
1654 2470 1735 2494 nuper
1762 2462 1822 2486 editi
1847 2462 1950 2486 Rosiani
1975 2471 2000 2486 n.
2020 2461 2080 2493 201)

534 2499 663 2523 Ciceronis
681 2500 884 2532 Philippicarum
902 2503 1063 2534 aliorumque
1082 2503 1233 2534 scriptorum
1257 2504 1418 2535 adglutinata
1437 2508 1497 2529 sunt
1520 2505 1580 2529 solia
1598 2505 1648 2530 duo
1672 2505 1766 2537 scripta
1785 2513 1851 2529 saec.
1871 2505 2004 2535 xunxw
2022 2513 2080 2530 eon-

532 2542 639 2566 tinentia
663 2543 791 2567 variarum
815 2544 959 2568 Cassiodori
987 2546 1137 2577 particulam
1168 2554 1184 2570 a
1207 2547 1221 2570 l.
1244 2546 1260 2571 S
1283 2555 1322 2579 ep.
1348 2546 1378 2570 10
1403 2556 1426 2579 p.
1446 2546 1504 2577 240,
1519 2547 1533 2571 ‘c‘
1559 2556 1657 2579 semper
1680 2547 1804 2572 studuisse
1827 2548 1859 2572 ad
1886 2548 1998 2572 eiusdem
2021 2548 2080 2574 libri

533 2593 571 2617 ep.
587 2585 617 2609 15
635 2593 659 2617 p.
674 2584 775 2615 246,1.G
794 2587 969 2612 snarissimwn
996 2589 1069 2612 vohis.
1112 2589 1290 2621 inscriptiones
1314 2598 1330 2614 a
1354 2591 1439 2614 codice
1463 2591 1565 2615 absunt.
1606 2599 1737 2622 superesse
1762 2599 1791 2615 ea
1815 2599 1846 2615 ex
1871 2591 1957 2615 codice
1985 2591 2079 2616 ordinis

533 2628 612 2652 nostri
636 2628 720 2659 quinti
745 2630 854 2654 ostvndit
880 2631 952 2655 varia
975 2631 1049 2656 lectio
1074 2640 1150 2664 quam
1176 2633 1283 2664 apposui
1309 2633 1435 2665 integram
1458 2633 1588 2665 (asterisco
1607 2634 1722 2666 apposito
1748 2634 1780 2658 ad
1804 2634 1927 2658 lectiones
1946 2634 1973 2658 in
1992 2635 2079 2659 eadem

533 2671 630 2695 familia
648 2672 803 2703 redeuntes),
823 2674 945 2705 quoniam
964 2675 1042 2699 habet
1061 2676 1186 2707 quaedam
1207 2677 1300 2707 quibus
1320 2677 1400 2701 socios
1419 2677 1519 2707 vincat,
1545 2680 1573 2701 ut
1591 2675 1692 2707 244,Ξὸ
1711 2677 1754 2700 tibi
1772 2677 1813 2701 hio
1831 2680 1979 2708 corruptum
1997 2677 2023 2701 in
2042 2681 2079 2702 ter

533 2715 680 2746 compendio
701 2723 791 2747 parum
810 2716 946 2748 intellecto,
966 2718 992 2741 in
1006 2718 1111 2749 reliquis
1125 2719 1225 2743 omisso.
1262 2723 1287 2743 at
1306 2727 1353 2743 nec
1372 2720 1392 2743 si
1411 2724 1555 2751 superesset
1573 2720 1678 2751 integer,
1697 2720 1806 2744 multum
1819 2719 1877 2744 inde
1889 2720 2078 2751 proficeremus.

583 2756 641 2788 240,
652 2757 668 2782 8
687 2757 773 2791 quem]
786 2767 835 2791 que
856 2773 889 2777 —
911 2760 941 2785 15
956 2760 1094 2793 direptus*
1113 2775 1145 2778 —-
1164 2760 1284 2793 arelatus]
1300 2762 1462 2787 maleratus÷
1482 2777 1512 2780 —
1535 2762 1565 2787 19
1579 2771 1609 2787 ea
1623 2772 1669 2787 om.
1684 2777 1715 2779 —
1735 2762 1765 2787 21
1781 2761 1894 2793 suorum]
1908 2771 2029 2788 suaruma
2047 2777 2078 2780 —

634 2800 668 2825 25
686 2801 737 2826 tela
757 2806 846 2827 mutua
864 2804 962 2836 respuit
980 2802 996 2817 ''³'‘
1016 2817 1045 2820 —
1067 2804 1099 2829 27
1119 2805 1211 2830 restitit
1230 2814 1276 2829 om.
1297 2805 1312 2819 ⁵*
1331 2819 1362 2822 —-
1383 2806 1489 2831 credidit
1507 2814 1555 2832 om.
