2279 3261
384 983 401 1011 N)

422 886 445 903 lo

423 1144 445 1161 15

423 1402 447 1420 20

425 1660 448 1678 25

428 1920 438 1938 :i
441 1920 452 1937 Ο

464 170 524 199 370
1178 164 1389 191 CASSIODORI

461 255 515 295 qni
543 254 601 285 hoc
632 253 802 295 patriotica
827 253 963 284 veritate
988 253 1180 283 retinemus:
1213 251 1253 282 ad
1278 261 1436 292 praesens
1462 251 1547 280 enim
1572 250 1611 280 de
1636 249 1776 281 cellariis
1801 250 1918 280 nostris
1943 260 2026 291 quae
2051 250 2108 281 de-

461 305 687 336 siderabantur
716 304 902 346 optulimus.
952 308 986 334 tu
1016 307 1124 334 autem
1158 306 1212 334 tuo
1242 302 1385 344 periculo
1416 301 1587 332 dissimilia
1615 301 1711 339 facis,
1745 312 1879 342 quorum
1904 302 1966 332 iam
1992 302 2109 333 indicia

464 357 566 387 teneri
591 367 686 397 posse
712 356 895 396 cognoscis.

1240 481 1335 512 ΧΙΠ.

1181 549 1394 581 EDICTUM·
1925 578 1954 598 a.
1972 567 2108 609 533j537

565 620 645 652 Nisu
675 621 834 652 contineri
862 620 962 651 debet
990 620 1132 651 omnium
1164 619 1299 660 largitas
1329 619 1477 660 impensa
1502 618 1717 657 dominorum,
1749 618 1876 660 quando
1900 629 2035 650 necesse
2059 622 2109 650 est

462 673 621 703 universis
656 673 827 714 proficere,
864 671 948 713 quod
983 671 1054 701 illos
1088 671 1228 712 impulsu
1261 670 1436 700 divinitatis
1467 670 1636 711 probatum
1665 671 1763 701 fucrit
1793 670 1952 701 effecisse.
2004 670 2109 711 pietas

463 723 621 765 siquidem
654 724 833 765 principum
863 727 966 754 totum
999 722 1139 753 custodit
1168 722 1339 764 imperium
1368 725 1400 752 et
1430 721 1504 752 dum
1534 721 1598 752 illis
1622 721 1809 752 vicissitudo
1835 721 1933 763 digna
1955 721 2110 761 redditur,

463 775 636 806 incolumia
666 775 711 806 rei
743 774 893 816 publicae
922 774 1070 805 membra
1093 777 1272 805 servantur.
1319 773 1439 804 dudum
1465 773 1623 814 siquidem
1648 773 1829 815 imperialia
1853 773 2029 804 constituta
2053 784 2112 815 per

463 826 605 857 Bruttios
636 830 732 868 atque
762 827 939 857 Lucaniam
972 829 1196 856 sacrosanctas
1229 825 1386 856 ecclesias
1417 825 1524 865 aliqua
1552 835 1721 856 munerum
1753 825 1926 855 devotione
1950 824 2109 856 iuverunt.

465 878 522 909 scd
551 882 587 908 ut
616 881 665 908 cst
695 878 859 918 sacrilegis
889 878 1050 908 mentibus
1078 877 1237 908 familiare
1263 880 1295 907 ct
1318 877 1350 907 in
1375 877 1446 918 ipsa
1471 887 1597 917 quoque
1623 876 1731 907 divina
1755 877 1938 907 reverentia
1962 887 2110 918 peccare,

464 930 650 960 nonnullam
686 930 804 960 exinde
835 933 960 970 partem
991 929 1249 960 numerariorum
1282 928 1410 959 nominc
1442 928 1637 958 canonicarii
1671 927 1921 965 subtrahebant,
1956 929 2111 960 facientes

463 981 581 1012 laicum
608 981 813 1012 commodum
838 981 1052 1011 substantiam
1079 980 1279 1010 clericorum.
1326 979 1420 1014 Quod
1446 978 1531 1010 sedis
1556 982 1685 1010 nostrae
1710 979 1884 1010 numerarii
1904 980 2112 1011 execratione

464 1033 651 1064 detestabili
680 1035 874 1074 respuentes
905 1042 1079 1073 numquam
1110 1031 1172 1062 sibi
1202 1031 1327 1062 illatum
1358 1030 1459 1061 fuisse
1490 1034 1683 1071 suggerunt,
1718 1030 1803 1071 quod
1835 1031 1874 1061 de
1902 1031 1957 1062 tali
1989 1031 2113 1062 scelere

464 1096 576 1116 manus
607 1085 727 1126 impiae
759 1084 1001 1115 fraudaverunt.
1050 1083 1126 1124 quid
1151 1083 1271 1117 adhuc,
1304 1082 1434 1113 minime
1460 1082 1600 1112 humana
1625 1081 1775 1119 audacia,
1808 1082 1998 1124 temptabis,
2031 1083 2057 1113 si
2082 1085 2114 1113 et

465 1136 507 1166 ibi
538 1137 624 1167 furta
656 1136 809 1178 porrigis,
842 1136 896 1166 ubi
926 1139 957 1166 te
987 1135 1118 1165 minime
1148 1135 1249 1165 latere
1279 1144 1376 1175 posse
1405 1134 1596 1175 cognoscis?
1642 1137 1677 1163 ut
1700 1133 1827 1165 inludas
1852 1134 1953 1165 oculis
1976 1134 2113 1165 fortasse

464 1188 666 1226 mortalibus,
692 1188 839 1229 quamvis
865 1187 983 1228 iniqua,
1009 1190 1117 1217 tamen
1143 1186 1252 1227 aliqua
1276 1185 1404 1216 videtur
1428 1196 1499 1216 esse
1525 1185 1761 1226 praesumptio:
1794 1189 1914 1226 quanta
1938 1196 2014 1217 vero
2040 1197 2112 1217 cae-

465 1240 564 1271 citate
595 1239 765 1270 damnatus
796 1242 859 1273 cst,
890 1239 943 1280 qui
975 1250 1008 1269 se
1040 1239 1191 1269 aestimat
1216 1241 1404 1279 perpetrare
1430 1237 1513 1278 quod
1540 1237 1690 1268 divinitas
1716 1248 1778 1268 non
1802 1238 1903 1279 possit
1927 1238 2112 1269 advertere!

465 1291 530 1322 Sed
561 1302 600 1322 ne
631 1291 765 1322 ulterius
797 1291 911 1321 similis
941 1293 1110 1331 grassetur
1138 1290 1221 1320 forte
1252 1289 1472 1330 praesumptio
1503 1292 1558 1319 aut
1582 1289 1722 1319 divinam
1747 1289 1936 1330 patientiam
1962 1290 2114 1331 frequens

466 1354 642 1384 provocare
668 1343 769 1385 possit
794 1352 962 1376 excessus,
988 1341 1117 1372 edictali
1142 1344 1380 1382 programmate
1397 1341 1579 1379 definimus,
1604 1344 1639 1371 ut
1663 1341 1716 1382 qui
1740 1341 1771 1371 in
1788 1341 1848 1371 hac
1867 1341 1962 1371 fuerit
1977 1341 2114 1372 ulterius

468 1394 580 1425 fraude
605 1398 765 1431 versatus,
791 1398 823 1425 et
846 1394 963 1424 militia
988 1396 1098 1424 careat
1123 1396 1154 1423 et
1178 1392 1404 1433 compendium
1429 1393 1578 1433 propriae
1603 1392 1768 1423 facultatis
1791 1392 1926 1423 amittat.
1967 1393 2114 1434 graviore

468 1446 625 1487 siquidem
650 1457 756 1487 poena
778 1445 970 1487 plectendus
989 1448 1049 1480 cst,
1074 1445 1127 1485 qui
1144 1455 1245 1485 usqne
1263 1444 1303 1474 ad
1321 1444 1469 1474 iniuriam
1488 1444 1627 1474 divinam
1645 1455 1735 1475 suam
1754 1444 1961 1475 nihilominus
1978 1444 2116 1476 tetendit

467 1498 647 1529 audaciam.
686 1498 828 1529 habeant
852 1508 1012 1539 pauperes
1037 1496 1120 1526 dona
1147 1500 1353 1536 regnantum:
1380 1496 1567 1537 possideant
1588 1495 1708 1537 aliquid
1731 1495 1846 1536 quibus
1868 1496 1956 1527 nulla
1978 1496 2115 1527 facultas

467 1553 524 1580 est.
571 1549 637 1581 Cur
659 1550 765 1581 aliena
790 1549 973 1580 substantia
997 1548 1028 1578 in
1054 1548 1155 1588 regali
1182 1547 1288 1588 posita
1312 1547 1463 1588 largitate
1488 1547 1694 1588 pervaditur?
1741 1547 1905 1589 possessio
1934 1548 2003 1578 eius
2028 1549 2114 1589 prin-

469 1602 547 1643 cipis
582 1612 698 1633 munus
735 1605 793 1632 est.
845 1599 1115 1642 quemadmodum
1146 1602 1331 1640 praesumat
1365 1599 1530 1629 subiectus
1563 1600 1750 1640 contingere
1781 1599 1864 1640 quod
1896 1599 1956 1630 deo
1988 1600 2117 1641 respicit

469 1653 685 1684 humilitatem
711 1653 907 1684 dominantis
933 1652 1069 1682 offerre?
1116 1651 1246 1681 additur
1271 1651 1353 1692 quod
1377 1651 1497 1681 talibus
1523 1662 1583 1681 non
1608 1651 1684 1682 dare
1709 1651 1822 1682 tulisse
1848 1655 1907 1689 est,
1932 1655 1964 1682 ct
1989 1651 2115 1682 merito:

470 1705 597 1747 quando
623 1706 676 1747 qui
700 1709 806 1747 potest
831 1704 1049 1736 esurientibus
1074 1703 1259 1739 subvenire,
1286 1703 1311 1732 si
1337 1713 1400 1733 non
1422 1703 1536 1743 pascit,
1562 1703 1734 1744 extinguit.
1774 1702 1895 1744 pudeat
1911 1703 1975 1733 illis
1993 1703 2117 1741 tollere,

470 1758 586 1798 quibus
611 1757 759 1788 iubemur
784 1757 910 1787 offerro.
957 1757 1042 1787 ultra
1066 1766 1178 1786 omnes
1204 1755 1413 1785 crudelitates
1440 1758 1489 1785 est
1514 1754 1646 1785 divitem
1671 1755 1755 1786 velle
1779 1754 1848 1785 fieri
1872 1754 1911 1785 de
1936 1755 2116 1795 exiguitate

470 1809 618 1840 mendici.
665 1812 814 1840 amentur
839 1808 978 1839 honesta
1002 1808 1106 1843 lucra,
1137 1807 1328 1837 horreantur
1352 1806 1509 1837 damnosa
1533 1806 1738 1847 compendia:
1769 1806 1878 1837 nullus
1902 1806 2021 1837 audeat
2044 1806 2117 1837 inde

470 1861 585 1892 tollere
614 1861 698 1901 quod
729 1861 830 1902 possit
858 1860 996 1890 collecta
1027 1859 1227 1900 dispergere.
1273 1857 1422 1889 addendo
1452 1857 1574 1899 perdit,
1605 1858 1658 1898 qui
1690 1857 1858 1889 retinendo
1888 1857 2056 1899 collegerit
2086 1860 2118 1889 et

472 1916 698 1954 paupertatem
725 1913 828 1954 potius
854 1912 892 1942 ad
920 1923 953 1942 sc
980 1911 1087 1945 trahit,
1114 1910 1138 1940 si
1164 1910 1330 1950 egentium
1356 1910 1511 1951 pecunias
1537 1920 1599 1939 non
1627 1909 1765 1950 repellit.

575 2054 866 2086 BZNKE(F)H(G1):
885 2055 910 2079 7215
929 2059 978 2078 ires
997 2062 1043 2078 om.
1063 2062 1098 2085 ep.
1116 2052 1148 2077 12

578 2145 586 2169 1
609 2146 713 2170 retimus
733 2145 757 2169 Z
823 2145 890 2169 enim
909 2153 957 2168 0711.
977 2143 1003 2167 Ε
1096 2142 1112 2167 ‘2
1132 2148 1216 2168 autem
1237 2152 1282 2167 orn.
1304 2142 1333 2166 X
1390 2142 1481 2166 iudicia
1503 2142 1525 2166 A
1620 2142 1636 2167 ’1
1654 2143 1712 2167 nisu
1732 2142 1830 2173 ZNE1,
1849 2143 1932 2167 nisum
1952 2143 1984 2173 F,
2003 2143 2051 2175 (sp.
2066 2152 2119 2168 vac.

473 2190 515 2213 lm.
532 2189 554 2219 J)
576 2189 605 2212 isi
625 2189 656 2215 B.
676 2189 722 2212 nisi
743 2188 777 2215 K,
795 2197 843 2212 usu
862 2187 955 2213 EVA.
975 2187 1033 2211 uisu
1047 2186 1100 2211 HG
1160 2185 1271 2218 quando]
1292 2186 1412 2217 quoniam
1428 2185 1451 2209 A
1543 2185 1558 2209 6
1578 2185 1714 2218 uniuersis]
1729 2186 1851 2216 B²HGL
1869 2187 1982 2211 uniuersi
1995 2187 2044 2217 13¹,
2065 2188 2119 2211 uni-

473 2233 588 2257 uersitati
601 2232 692 2263 reliqui
775 2230 788 2254 T
808 2232 958 2264 principium
971 2231 995 2254 Ζ
1073 2230 1089 2254 ὃ
1109 2231 1235 2254 inc‹·lnn1a
1247 2229 1277 2253 H
1355 2228 1370 2252 9
1390 2229 1487 2253 brutios
1498 2228 1521 2252 B
1574 2228 1706 2260 iuuerunt]
1721 2229 1875 2254 inuenerunt
1886 2229 1914 2253 K
1992 2229 2024 2254 10
2041 2231 2119 2255 sacris

473 2276 536 2307 legis
556 2275 617 2305 HG,
635 2275 774 2307 sacrilegiis
795 2275 827 2298 Il)
892 2283 993 2306 quoque
1012 2284 1059 2299 om.
1080 2275 1131 2298 ZN
1188 2275 1239 2298 (lin,
1259 2273 1322 2306 reu]
1342 2273 1452 2303 ZNHG,
1471 2281 1523 2297 reu.
1543 2273 1593 2297 diu.
1614 2273 1705 2304 reliqui
1803 2272 1831 2296 11
1852 2271 1958 2305 partem]
1978 2282 2079 2305 parcere
2093 2274 2125 2298 H

525 2319 725 2342 munerariormn
740 2318 762 2341 A
817 2319 977 2342 canonicario
989 2318 1033 2341 Na
1123 2317 1153 2342 12
1172 2316 1329 2348 clericorum]
1349 2317 1382 2340 lai
1396 2317 1544 2340 clericorum
1557 2316 1596 2339 Za
1649 2316 1777 2340 numerari
1788 2315 1897 2346 BZNK,
1909 2317 2035 2340 numerari
2048 2317 2074 2340 in
2085 2316 2120 2347 H',

474 2362 611 2385 munerarii
625 2361 648 2384 A
714 2362 873 2385 execratione
891 2360 1042 2392 detestabili]
1062 2361 1198 2386 execrabili
1213 2361 1378 2384 detestatione
1392 2359 1583 2391 (destestaeione
1597 2358 1651 2389 Na)
1666 2358 1746 2382 NEF
1843 2358 1874 2383 13
1893 2358 2046 2392 suggerunt]
2066 2368 2120 2384 sen-

474 2405 545 2428 ciunt
563 2404 606 2427 Na
717 2403 748 2428 14
767 2405 857 2436 impiae
877 2403 1072 2436 fraudauerum]
1093 2404 1223 2430 XFJIGL
1242 2404 1320 2435 impia
1339 2403 1549 2427 effraudauerunt
1568 2402 1599 2433 B,
1619 2402 1712 2434 impiae
1731 2402 1939 2427 efl'raudaueruut
1958 2402 2012 2432 ZE,
2030 2402 2121 2434 impiae

474 2447 670 2471 effundauernnt
686 2447 712 2471 l<
774 2447 842 2471 hum.
862 2446 932 2479 and]
953 2448 1031 2477 JJGI,
1049 2448 1107 2472 aud.
1128 2448 1197 2471 lium.
1218 2447 1241 2470 L*
1260 2451 1281 2471 et
1300 2446 1392 2477 reliqui
1455 2444 1486 2478 si]
1507 2446 1549 2470 sed
1570 2445 1595 2469 E
1691 2444 1722 2469 15
1740 2454 1814 2477 posse
1832 2454 1879 2469 om.
1900 2445 2002 2470 ZNEF
2063 2454 2121 2478 cog·

476 2491 586 2515 nosceris
596 2490 627 2514 H
718 2490 747 2514 16
766 2491 871 2524 alinqna
884 2491 909 2514 B
966 2499 1020 2515 csse
1033 2500 1080 2515 um.
1095 2490 1143 2514 ΚΑ
1237 2489 1267 2513 17
1287 2490 1420 2514 damnatus
1432 2488 1478 2521 est]
1499 2489 1635 2513 damnatur
1649 2488 1672 2512 A
1726 2488 1854 2513 existimat
1867 2488 1941 2513 HGI
2025 2488 2055 2513 18
2074 2489 2119 2513 ult.

474 2533 539 2565 Sim]
560 2533 665 2562 BJIGI,
683 2533 738 2557 siin.
758 2533 802 2557 ult
824 2534 914 2564 reliqui
984 2537 1109 2557 crassetur
1129 2533 1203 2556 BHI
1296 2532 1329 2556 20
1348 2532 1449 2556 malicia
1469 2532 1508 2555 ΕΙ
1575 2532 1700 2556 ammittat
1720 2531 1744 2555 Β
1834 2530 1866 2555 21
1886 2530 1976 2564 poena]
1996 2540 2059 2564 pene
2078 2531 2121 2555 Na

526 2580 565 2600 est
584 2585 629 2600 om.
651 2577 673 2600 A
749 2585 820 2600 suam
840 2585 886 2600 om.
908 2576 936 2599 N
1005 2576 1084 2600 tendit
1105 2576 1148 2599 II]
1257 2574 1290 2599 *22
1308 2573 1472 2606 regnantum]
1494 2574 1600 2603 BZEA,
1619 2575 1781 2606 regnantium
1799 2575 1890 2606 reliqui
1998 2573 2031 2599 23
2049 2583 2120 2607 rega-

475 2620 536 2643 lium
556 2619 629 2643 HG]
718 2619 798 2650 princ.
824 2628 917 2643 munus
942 2624 1043 2649 (manns
1063 2617 1156 2650 HGE]
1187 2627 1256 2642 mun.
1280 2619 1359 2650 princ.
1379 2617 1431 2641 ZN
1553 2617 1585 2641 *24
1606 2618 1732 2642 subiectos
1752 2617 1781 2641 K
1864 2616 2022 2650 contingere]
2049 2626 2120 2650 prae-

475 2671 574 2687 sumere
594 2662 682 2685 HGtI
740 2662 785 2685 deo
805 2671 850 2685 om⁴
866 2661 892 2685 F
983 2661 1015 2686 25
1033 2660 1199 2692 dominantis]
1218 2661 1349 2693 regnantis
1363 2661 1437 2685 HG]
1500 2661 1602 2685 additur
1620 2661 1655 2684 ad
1673 2659 1704 2684 27
1725 2660 1813 2684 offerre
1835 2668 1882 2684 om.
1897 2660 1926 2683 N
1982 2661 2081 2685 additus
2094 2660 2125 2685 H

475 2706 508 2730 2ss
527 2704 581 2737 qui]
609 2706 666 2737 quis
686 2704 746 2734 HG,
775 2713 825 2728 non
848 2704 873 2727 K
1009 2703 1041 2728 ‘27
1060 2705 1205 2729 iuberemur
1225 2704 1256 2733 B,
1284 2704 1386 2728 iubetur
1406 2704 1463 2733 EF,
1491 2704 1639 2728 iubemus-ur
1658 2704 1687 2727 ΙΙ
1824 2702 1856 2727 28
1875 2702 1942 2735 inde]
1971 2704 2033 2728 illud
2052 2703 2125 2728 E²F

475 2748 508 2773 29
528 2749 591 2780 perit
610 2748 662 2771 HG
733 2746 874 2779 retinendo]
896 2748 1024 2772 renuendo
1045 2748 1105 2775 HG,
1124 2747 1289 2776 renmjmenda
1311 2747 1327 2770 I
1395 2753 1419 2771 et
1438 2756 1484 2771 om.
1509 2747 1558 2770 EF
1664 2745 1698 2770 30
1717 2750 1767 2778 pot.
1787 2747 1817 2770 ad
1836 2745 1871 2777 se]
1890 2745 1938 2777 (sp,
1958 2755 2011 2770 nac.
2030 2749 2044 2771 5
2063 2746 2119 2777 litt.)

474 2792 503 2815 ad
525 2800 550 2815 se
570 2791 601 2821 B,
621 2792 650 2815 ad
670 2800 695 2814 se
715 2795 764 2822 pot.
785 2790 905 2814 λἨΙζτἾΨ
976 2789 1116 2822 egentium]
1138 2790 1266 2814 EFHGI.
1285 2798 1314 2813 ex
1334 2791 1448 2821 gentium
1469 2790 1500 2815 li,
1520 2791 1675 2821 exigentium
1695 2789 1786 2820 relirstzi
1855 2798 1905 2813 non
1925 2798 1972 2813 om.
1992 2789 2043 2813 HG
