2279 3261
828 189 1023 216 VARIARVM
1043 190 1074 219 X,
1094 191 1116 217 2.
1138 192 1161 217 3.
1182 192 1205 217 4.
1779 197 1841 226 299

192 274 361 316 placabilis
399 284 472 305 esse
508 274 591 305 iuste
628 274 778 311 creditur,
815 275 867 316 qui
903 277 1075 316 potestatis
1112 288 1189 308 suac-
1225 278 1345 309 habere
1381 280 1570 321 participem
1604 282 1840 322 comprobatur.

192 326 410 357 reseravimus
443 326 551 366 itaque
585 325 645 357 deo
676 326 807 357 iuvante
840 327 962 368 palatia
993 329 1061 359 viro
1094 330 1195 360 nostri
1228 331 1355 371 generis
1388 332 1534 362 claritate
1568 334 1754 374 conspicuo.
1788 335 1840 375 qui

192 378 406 409 Hamalorum
437 378 536 418 stirpe
567 379 758 419 progenitus
789 379 930 419 regalem
961 380 1081 411 habeat
1111 381 1141 411 in
1171 382 1296 413 actibus
1326 383 1531 423 dignitatem:
1565 385 1690 425 patiens
1721 386 1749 415 in
1785 386 1840 416 ad-

192 430 305 467 versis,
336 429 520 460 moderatus
546 430 577 459 in
602 430 765 470 prosperis
791 434 832 464 et,
863 431 945 472 quod
972 431 1193 463 difficillimum
1221 435 1393 475 potestatis
1418 446 1520 475 genus
1546 440 1603 468 est.
1637 437 1711 467 olim
1738 441 1841 467 rector

191 482 250 512 sui.
303 481 451 512 Accessit
482 481 530 511 his
563 481 655 511 bonis
688 481 912 513 desiderabilis
943 484 1081 515 eruditio
1115 485 1308 519 litterarum,
1345 497 1426 527 quae
1460 490 1607 518 naturam
1644 488 1838 519 laudabilem
1871 497 1881 514 ⁵
1904 493 1919 520 4

190 533 308 564 eximie
333 532 438 563 reddit
463 536 619 563 ornatam.
667 533 709 563 ibi
734 533 875 574 prudens
901 535 1034 570 invenit,
1064 536 1149 566 unde
1175 538 1352 578 sapientior
1377 539 1446 568 fiat:
1479 538 1520 568 ibi
1547 538 1685 569 bellator
1708 541 1837 581 reperit,

189 585 274 616 unde
299 585 397 615 animi
415 585 533 615 virtute
551 584 734 616 roboretur:
761 585 835 616 inde
853 586 1002 628 princeps
1021 588 1149 629 accipit,
1175 589 1446 629 quemadmodum
1464 591 1599 631 populos
1618 591 1677 622 sub
1695 593 1838 633 acquali-

188 640 255 668 tate
280 640 467 678 componat:
497 647 556 667 nec
581 637 687 677 aliqua
712 638 743 667 111
768 638 886 668 mundo
914 643 1021 680 potest
1046 650 1117 670 csse
1143 641 1281 675 fortuna,
1307 652 1400 682 quam
1426 643 1606 672 litterarum
1633 654 1695 673 non
1720 648 1838 683 augeat

189 690 332 731 gloriosa
355 689 479 719 notitia.
527 689 689 730 Accipite.
719 689 795 730 quid
824 691 927 720 maius
957 692 1180 731 generalitatis
1211 698 1284 723 vota
1313 698 1510 724 meruerunt.
1558 695 1707 736 princeps
1734 701 1841 727 vcster

189 742 287 772 etiam
315 740 546 772 ecclesiasticis
576 744 624 771 est
654 741 770 771 litteris
801 742 962 772 eruditus:
998 754 1016 773 a
1045 744 1160 784 quibus
1192 756 1320 786 semper
1348 745 1499 786 quicquid
1530 750 1579 776 est
1609 758 1665 788 pro
1698 748 1837 782 homine,
1860 757 1882 773 κ»

189 803 441 824 commonemur:
472 792 614 823 iudicare
645 796 745 827 recte,
774 793 891 823 bonum
922 805 1051 835 sapere,
1084 795 1191 826 diviua
1220 797 1381 831 venerari,
1413 797 1519 827 futura
1545 799 1685 839 cogitare
1712 800 1838 830 iudicia.

188 855 323 876 necesse
353 847 402 875 est
431 844 531 877 enim,
564 847 598 874 ut
630 848 784 885 sequatur
816 846 955 876 iustitiae
987 847 1174 888 vestigium,
1208 849 1260 889 qui
1291 848 1330 879 de
1364 860 1421 879 sua
1451 850 1614 880 sententia
1643 861 1772 881 causam
1804 863 1838 882 sc

188 897 291 928 credit
323 906 396 928 esse
429 896 599 927 dicturum.
653 896 784 927 viderim
816 907 898 938 quac
929 898 1024 928 lectio
1058 903 1153 929 acuat
1187 900 1365 940 ingenium:
1402 901 1510 931 divina
1547 912 1676 943 semper
1708 903 1838 934 efficere

187 950 298 980 nititur
320 949 418 990 pium.
457 948 636 979 Veniamus
663 948 701 978 ad
726 948 814 979 illam
840 949 986 990 privatae
1013 951 1097 981 vitae
1123 952 1338 992 largissimam
1358 953 1589 993 frugalitatem,
1615 965 1697 995 quae
1715 959 1836 986 tantam
1901 958 1919 987 6

186 1001 382 1043 procurabat
412 1000 503 1031 donis
534 1000 780 1033 abundantiam,
812 1002 967 1031 conviviis
997 1003 1138 1043 copiam,
1170 1007 1204 1033 ut
1233 1004 1437 1035 considerato
1468 1006 1537 1035 eius
1568 1007 1700 1047 antiquo
1732 1007 1837 1037 studio
1859 1015 1880 1032 1³1

187 1053 265 1084 nihil
288 1053 360 1083 novi
385 1052 504 1083 habere
530 1052 679 1082 videatur
703 1053 734 1082 in
760 1063 868 1093 regno.
917 1053 947 1083 in
973 1053 1196 1095 hospitalitate
1222 1060 1404 1097 promptus,
1436 1057 1466 1086 in
1496 1058 1703 1088 miseratione
1729 1059 1837 1099 piissi-

186 1116 271 1136 mus:
298 1105 343 1135 sic
369 1115 441 1135 cum
465 1104 567 1134 multa
592 1104 803 1146 expenderet.
831 1115 945 1135 census
973 1106 1042 1135 eius
1068 1107 1203 1137 caelesti
1228 1109 1489 1139 remuneratione
1514 1110 1693 1140 crescebat.
1740 1110 1835 1141 talem

186 1157 381 1188 universitas
411 1156 524 1187 debuit
549 1160 670 1197 optare,
702 1157 829 1197 qualem
855 1168 913 1187 nos
941 1158 1116 1198 probamur
1141 1159 1290 1199 elegisse,
1321 1161 1372 1200 qui
1399 1161 1638 1192 rationabiliter
1662 1162 1837 1204 disponens

185 1210 313 1251 propria
343 1220 405 1239 non
438 1211 570 1250 appetat
602 1208 720 1238 aliona:
755 1209 878 1239 tollitur
909 1210 992 1239 enim
1024 1210 1201 1240 necessitas
1234 1211 1433 1252 principibus
1463 1212 1656 1245 excedendi,
1690 1215 1838 1254 quotiens

186 1261 389 1292 assueverint
413 1260 543 1302 propria
571 1259 742 1291 moderari.
788 1259 936 1291 Laudat-a
965 1265 1015 1292 est
1045 1262 1194 1292 nimirum
1225 1264 1399 1297 sententia,
1430 1275 1511 1305 quae
1541 1276 1645 1296 rerum
1678 1267 1837 1308 praecipit
1856 1273 1880 1292 20
1902 1268 1918 1296 7

184 1313 329 1351 modum,
361 1313 437 1354 quia
466 1313 600 1342 nimium
630 1323 691 1343 non
722 1313 830 1354 placet
859 1313 954 1343 etiam
985 1313 1067 1354 quod
1097 1314 1213 1344 bonum
1247 1318 1386 1355 putatur.
1434 1317 1576 1357 gaudete
1601 1328 1699 1353 nunc,
1728 1323 1837 1359 patres

185 1365 367 1406 conscripti,
393 1368 424 1395 et
449 1374 608 1405 supernae
633 1364 757 1405 gratiae
782 1375 838 1406 pro
861 1365 954 1395 nobis
972 1369 1046 1395 vota
1064 1366 1251 1406 persolvite,
1277 1367 1404 1407 quando
1423 1368 1521 1399 talen]
1541 1379 1667 1399 mecum
1686 1370 1837 1400 constitui

184 1417 377 1459 principem,
409 1416 463 1457 qui
492 1421 524 1446 et
553 1415 591 1446 de
622 1420 733 1446 nostra
761 1416 925 1457 aequitate
956 1416 1041 1447 bona
1071 1417 1169 1447 faciat
1199 1421 1231 1447 et
1261 1420 1392 1459 propria
1421 1430 1498 1450 suae
1523 1421 1653 1461 pietatis
1677 1421 1836 1452 ostendat.

184 1469 269 1499 hunc
309 1468 394 1499 enim
433 1471 465 1499 et
504 1468 662 1498 maiorum
702 1478 830 1498 suorum
870 1472 1052 1498 commonet
1087 1469 1187 1499 virtus
1224 1474 1256 1499 et
1291 1471 1468 1502 avunculus
1505 1472 1680 1503 efficaciter
1715 1473 1838 1504 excitat

183 1520 418 1552 Theodericus.
1853 1530 1877 1549 25

981 1615 1039 1646 IV.

488 1684 685 1716 SENATUI
712 1684 844 1715 URBIS
869 1684 1025 1714 ROMAE
1050 1684 1396 1717 THEODAHADUS
1423 1686 1525 1717 REX.
1727 1716 1755 1735 α.
1775 1707 1835 1735 534

286 1755 405 1785 Divina
430 1755 521 1785 vobis
547 1754 714 1789 beneficia,
740 1757 849 1794 patres
875 1754 1059 1795 conscripti,
1086 1755 1274 1795 provenisse
1293 1756 1432 1786 feliciter
1450 1757 1646 1792 nuntiamus,
1672 1756 1833 1787 dominam
1902 1760 1910 1787 1

180 1817 287 1838 rerum
313 1811 380 1837 toto
405 1807 482 1837 orbe
507 1807 681 1847 gloriosam
707 1809 890 1836 consortem
916 1817 966 1836 mc
999 1807 1088 1846 regni
1120 1807 1166 1836 sui
1197 1807 1288 1847 larga
1317 1808 1436 1848 pietate
1468 1808 1601 1842 fecisse,
1635 1812 1668 1838 ut
1700 1819 1759 1839 nec
1790 1808 1834 1839 illi

182 1858 315 1890 deesset
342 1859 438 1889 fidele
468 1859 622 1888 solacium
654 1862 685 1888 et
714 1858 805 1888 nobis
834 1858 954 1887 avitum
986 1868 1128 1898 congrue
1162 1862 1382 1899 praestaretur
1413 1860 1592 1900 imperium.
1640 1860 1835 1901 suscipiatur

181 1912 365 1952 gratissime
390 1910 474 1952 quod
500 1911 749 1951 generalitatem
776 1913 903 1939 constat
928 1913 1071 1950 optasse:
1098 1914 1284 1941 reserentur
1308 1921 1391 1940 nunc
1418 1910 1486 1940 sine
1505 1915 1593 1941 metu
1613 1915 1682 1941 vota
1701 1916 1832 1942 cuncto·
1853 1920 1877 1937 ἔω

181 1973 264 1993 runi:
290 1966 324 1993 ut
349 1963 433 1993 unde
458 1963 638 2004 periculum
664 1962 791 2003 pertuli,
817 1962 891 1993 inde
917 1973 967 1992 mc
992 1963 1187 1993 universitas
1214 1967 1390 2004 cognoscat
1415 1964 1532 1993 ornari.
1572 1965 1833 2006 praesumpsistis

182 2015 267 2045 enim
300 2025 351 2045 me
384 2015 546 2045 inconscio
581 2025 762 2046 susurrare.
795 2014 877 2054 quod
910 2015 1017 2055 palam
1050 2025 1110 2044 non
1142 2016 1296 2056 poteratis
1329 2025 1503 2045 assumere.
1556 2021 1709 2056 quantum
1742 2016 1832 2046 vobis

181 2065 332 2101 debeam,
365 2066 437 2096 hinc
466 2066 559 2096 datur
588 2066 748 2106 intellegi.
781 2070 814 2095 ut
842 2065 918 2095 illud
950 2065 1027 2094 1111111
1053 2065 1252 2096 festinaretis
1277 2065 1428 2096 divinitus
1454 2066 1601 2099 evenire,
1634 2066 1716 2107 quod
1743 2077 1833 2097 meus

181 2118 307 2149 animus
331 2129 395 2149 non
420 2117 560 2149 audebat
585 2121 750 2159 appetere.
797 2116 869 2147 Hoc
894 2117 987 2148 nobis
1013 2120 1061 2146 est
1090 2117 1197 2158 potius
1228 2127 1343 2147 novum
1372 2128 1466 2158 quam
1496 2117 1587 2147 vobis
1621 2118 1830 2158 incognitum.
1896 2120 1914 2149 2

282 2246 556 2278 BZNKE(F)H(G1)

284 2316 297 2340 1
318 2318 383 2342 iuste
396 2326 443 2341 om.
458 2317 486 2341 K
542 2320 604 2348 part.
619 2316 676 2340 hab.
694 2315 765 2339 HG]
851 2314 866 2338 :2
887 2315 981 2347 palatio
996 2314 1046 2341 Ba.
1065 2316 1142 2347 palati
1156 2314 1200 2338 Bb
1288 2314 1303 2339 3
1323 2316 1463 2339 amalorum
1477 2315 1634 2339 BKFHGA
1691 2316 1715 2339 111
1733 2317 1832 2340 actibus

179 2360 332 2389 (actionibus
346 2360 384 2389 F)
403 2369 451 2384 om.
466 2359 492 2383 Κ
562 2359 660 2391 patiens
680 2368 727 2383 om.
741 2358 772 2381 H
873 2357 889 2382 4
907 2366 965 2390 gen.
985 2363 1034 2389 pot.
1055 2362 1092 2382 est
1109 2358 1170 2385 HG,
1189 2367 1246 2389 gen.
1267 2363 1303 2382 est
1324 2362 1372 2389 pot.
1389 2358 1406 2381 J
1474 2359 1552 2383 lector
1567 2358 1605 2382 12¹¹
1711 2359 1727 2382 ἴ)
1746 2360 1794 2383 hiis
1809 2359 1835 2383 F

179 2402 194 2426 6
213 2401 266 2435 fiat]
287 2404 363 2428 faciat
383 2403 411 2427 K
490 2400 592 2435 reperit]
613 2402 712 2426 inuenit
732 2400 805 2424 HGI
918 2400 932 2424 7
953 2401 1078 2433 principes
1099 2400 1141 2424 Η1
1225 2401 1272 2425 sub
1293 2410 1340 2425 om.
1362 2401 1391 2424 H
1467 2402 1579 2432 equitate
1599 2402 1626 2425 F
1735 2401 1751 2426 8
1770 2401 1826 2433 nec]

178 2453 225 2470 nec
244 2447 312 2470 enim
332 2447 354 2470 A
469 2445 483 2469 ,(1
504 2446 571 2478 quod
593 2445 608 2469 I
621 2445 738 2469 ζἠἱαειῗιιδ
853 2444 885 2467 1⁴)
903 2444 949 2467 litt.
970 2448 1009 2467 est
1028 2443 1101 2467 HGI
1168 2442 1291 2474 eruditus]
1312 2445 1425 2468 imbutus
1445 2443 1519 2468 HGI
1586 2445 1706 2476 quicquid
1726 2444 1775 2476 cst]
1794 2450 1830 2468 est

179 2496 201 2520 q.
222 2492 260 2512 est
278 2488 321 2512 NI
408 2489 510 2513 homine
534 2486 732 2519 counnouemur]
761 2487 856 2511 honore
879 2495 1070 2510 commonemur
1089 2487 1118 2510 K
1239 2487 1267 2511 ll
1295 2488 1389 2511 boumn
1414 2496 1501 2519 rapere
1524 2497 1571 2511 om.
1592 2488 1619 2511 F
1739 2487 1771 2511 12
1794 2492 1831 2512 est

179 2540 225 2555 om.
240 2531 313 2556 HGa
392 2533 432 2556 sui
452 2532 479 2556 F
554 2529 689 2562 sententia]
709 2531 810 2555 iusticia
829 2530 918 2553 HGtI
1030 2529 1060 2554 13
1080 2530 1211 2554 uideamus
1232 2530 1324 2554 NEFI
1400 2531 1470 2554 acuit
1492 2531 1519 2554 K
1634 2530 1665 2554 14
1685 2531 1728 2554 nit.
1750 2530 1828 2562 pium]

178 2574 249 2606 pium
269 2575 313 2599 nit.
332 2575 385 2605 HI,
404 2580 429 2600 et
448 2576 517 2607 pium
537 2576 581 2599 nit.
603 2576 624 2597 (ι’
706 2572 782 2605 uitae]
802 2573 924 2597 ecclesiae
945 2573 994 2596 ΚΑ
1119 2573 1149 2597 15
1168 2572 1249 2605 donis]
1270 2574 1378 2597 dominis
1400 2573 1447 2597 HI
1560 2574 1589 2597 1ss
1609 2574 1659 2597 uid.
1679 2574 1737 2598 hab.
1759 2573 1831 2597 IIGI

179 2616 209 2641 17
229 2618 418 2642 renuntiatione
437 2618 470 2642 H
572 2617 601 2641 18
621 2618 768 2641 ronabiliter
787 2616 815 2640 N
915 2615 949 2640 20
967 2620 1137 2640 assucuerunt
1156 2616 1227 2643 Nlr,
1247 2620 1437 2641 consueuerunt
1452 2616 1490 2639 Ιἱγ
1561 2621 1598 2640 est
1617 2625 1663 2640 om.
1681 2617 1701 2639 .-1
1774 2624 1828 2640 sen-

179 2659 267 2692 tentia]
294 2669 392 2693 semper
410 2661 438 2685 F
557 2660 590 2684 22
609 2661 681 2684 nobis
702 2660 730 2683 X
745 2665 767 2684 et
784 2669 831 2691 pro
851 2669 872 2683 r.
893 2660 908 2683 l.
930 2659 992 2683 Par.
1006 2662 1068 2683 :ll-§¹6
1190 2661 1223 2683 :¹3
1243 2659 1295 2691 qui]
1323 2661 1357 2684 ibi
1377 2660 1409 2683 Η
1491 2661 1566 2684 faeiat
1587 2658 1620 2691 et]
1642 2660 1754 2683 faciendo
1777 2659 1825 2683 ΚΑΙ

177 2701 211 2727 24
229 2704 288 2728 hinc
308 2704 336 2728 F
450 2704 484 2728 *25
502 2704 663 2729 theodoricus
683 2703 779 2727 NEFJ
892 2702 923 2726 '27
944 2703 1016 2726 nobis
1036 2702 1185 2726 NEHGIA
1271 2703 1416 2735 peruenisse
1436 2703 1458 2726 ⁴1
1540 2700 1656 2732 feliciter]
1676 2702 1784 2726 fideliter
1804 2702 1831 2725 K

177 2744 211 2770 28
230 2755 269 2770 me
288 2756 335 2771 om.
355 2747 397 2771 Ba
520 2746 553 2771 '29
573 2745 682 2778 auitum]
710 2746 843 2776 (mincius,
871 2746 987 2770 habitum
1006 2746 1064 2769 libri
1185 2745 1220 2770 30
1237 2746 1416 2777 generalitates
1436 2746 1468 2769 H
1551 2744 1660 2777 optasse]
1681 2753 1783 2768 ornasse
1804 2746 1826 2768 Α

177 2788 209 2813 31
229 2797 258 2814 ut
277 2799 324 2814 om.
344 2791 386 2815 Κι
465 2789 533 2823 inde]
555 2791 622 2815 unde
641 2790 664 2814 B
744 2790 837 2822 pertuli
857 2798 904 2814 om.
925 2789 998 2813 HGI
1108 2788 1141 2813 32
1160 2788 1299 2821 inconscio]
1319 2790 1344 2813 in
1365 2789 1490 2813 consortio
1511 2788 1614 2815 NHG'.
1632 2788 1761 2811 consorcio
1782 2787 1829 2817 ΙΨ,

178 2833 316 2857 consoricio
339 2833 369 2856 [P
440 2835 498 2866 pala
518 2833 542 2857 B
645 2832 678 2857 33
698 2833 760 2857 illud
780 2842 826 2857 om.
848 2832 874 2856 F
942 2833 1057 2856 eueniret
1079 2831 1115 2862 (ἵ)
1127 2832 1151 2855 Ζ
1251 2831 1284 2856 34
1302 2832 1376 2856 uobis
1395 2832 1418 2855 A
1490 2832 1563 2855 nobis
1583 2832 1605 2854 A

1622 2875 1675 2900 382<
