2279 3261
464 169 524 198 314
1178 167 1387 195 CASSIODORI

462 254 620 294 siquidem
649 259 756 285 votum
787 265 913 296 semper
941 256 1078 285 amantis
1103 259 1165 293 est,
1197 260 1232 285 ut
1257 265 1371 285 causas
1396 264 1454 284 nos
1479 254 1722 285 misericordiae
1746 255 1853 285 velitis
1878 266 1992 296 agere7
2023 265 2105 296 quae

463 316 521 336 1105
546 306 674 336 divinae
700 306 823 347 possint
848 306 1073 337 commendare
1098 307 1274 347 potentiae.
1321 306 1363 336 Et
1384 306 1456 336 ideo
1474 305 1692 346 significamus
1710 306 1830 347 gloriae
1848 310 1976 337 vestrae
1993 317 2104 337 mona-

461 359 593 388 sterium
622 358 813 388 famularum
845 358 911 392 dei,
945 358 1028 399 quod
1060 359 1149 388 vobis
1182 359 1377 388 insinuatum
1410 362 1459 387 est
1492 357 1684 387 tributorum
1713 357 1803 398 gravi
1834 362 1920 389 sorte
1945 358 2104 395 laborare,

463 420 501 439 eo
526 409 610 450 quod
636 420 714 449 ager
738 410 806 440 eius
830 410 929 440 nimia
954 409 1162 440 inundatione
1186 410 1335 450 perfusus
1362 409 1539 440 sterilitatis
1566 409 1642 440 vitia
1664 409 1702 439 de
1721 410 1848 440 inimica
1864 409 2104 440 humectatione

431 468 440 483 ⁵
462 461 674 491 contraxerit:
708 460 747 490 ad
781 461 882 491 virum
915 462 1205 492 eminentissimum
1232 460 1423 491 Senatorem
1458 460 1659 502 praefectum
1692 461 1851 502 praetorio
1883 460 2012 492 dedisse
2047 472 2105 492 nos

419 983 442 1001 15

421 2010 445 2028 30

461 512 668 542 nihilominus
694 512 882 547 iussionem,
911 516 945 542 ut
969 513 1037 543 eius
1061 512 1262 543 ordinatione
1286 511 1421 553 provida
1445 511 1485 542 ad
1510 512 1692 553 praedium,
1725 512 1763 542 de
1789 523 1851 553 quo
1875 513 2021 553 querella
2047 516 2106 550 est,

462 563 600 603 diligens
630 564 794 604 inspector
822 563 956 594 accedat
980 568 1025 599 et,
1059 564 1156 594 rebus
1182 563 1349 594 moderata
1374 563 1578 604 inquisitione
1604 563 1783 600 trutinatis,
1816 563 1965 604 quicquid
1991 574 2105 603 grava-

462 615 556 645 minis
579 618 685 655 potest
704 615 825 645 habere
842 616 1015 656 possessio.
1043 615 1278 645 rationabiliter
1295 615 1481 655 abrogetur,
1507 615 1552 645 ita
1568 619 1604 645 ut
1621 619 1810 656 competens
1828 619 1924 656 atque
1942 615 2106 646 sufficiens

462 666 597 696 dominis
630 677 798 697 remanere
830 667 933 708 possit
964 668 1103 705 utilitas,
1137 667 1211 708 quia
1241 677 1316 697 vere
1346 666 1436 696 nobis
1466 667 1590 697 lucrum
1624 667 1892 708 pretiosissimum
1918 666 2106 704 iudicamus,

464 717 548 758 quod
580 728 637 758 pro
670 718 926 748 mansuetudinis
957 722 1086 749 vestrae
1116 719 1283 748 voluntate
1316 717 1532 748 concedimus.
1579 718 1628 749 De
1654 718 1812 748 Ranildae
1842 728 1968 759 quoque
1998 729 2106 756 causa⁷

462 769 547 799 unde
581 773 689 800 vestra
719 770 877 800 serenitas
905 781 955 800 me
982 780 1187 800 commonere
1212 770 1344 810 dignata
1369 773 1431 806 est,
1465 770 1611 810 quamvis
1637 773 1711 800 ante
1737 770 1868 810 longum
1893 772 2020 811 tempus
2047 770 2106 800 sub

461 824 631 862 parentum
664 826 844 852 nostrorum
873 832 973 862 regno
1005 822 1193 862 contigerit.
1227 825 1336 852 tamen
1367 832 1501 851 necesse
1526 822 1617 852 nobis
1641 822 1701 851 fuit
1725 821 1890 862 negotium
1915 821 1954 852 de
1978 822 2108 863 propria

463 873 611 913 largitate
637 884 841 915 componere.
867 878 900 903 ut
926 874 982 904 tali
1006 874 1092 904 facto
1119 884 1189 904 eain
1215 884 1276 904 non
1301 874 1485 914 paeniteret
1502 877 1625 903 mutata
1642 873 1766 913 religio.
1812 872 1932 903 Earum
1950 872 2106 913 siquidem

462 935 566 954 rerum
593 924 745 955 iudicium
772 936 834 955 11011
861 926 1108 966 praesumimus.
1134 925 1216 955 unde
1240 925 1428 955 mandatum
1451 925 1636 966 specialiter
1656 936 1719 955 non
1737 925 1904 955 habemus.
1945 935 2018 954 nam
2036 935 2106 955 cum

462 976 613 1006 divinitas
639 977 777 1017 patiatur
802 977 946 1007 diversas
969 977 1142 1017 religiones
1166 987 1249 1011 esse,
1274 988 1332 1007 nos
1350 987 1447 1007 unam
1464 987 1528 1007 non
1545 976 1701 1007 audemus
1719 977 1893 1017 imponere.
1933 976 2108 1006 retinemus

462 1028 548 1058 enim
571 1028 689 1068 legisse
711 1038 768 1058 nos
786 1029 966 1059 voluntarie
985 1028 1230 1059 sacrificandum
1249 1039 1321 1059 esse
1339 1028 1479 1066 domino.
1504 1039 1567 1059 non
1586 1029 1775 1069 cuiusquam
1794 1028 1940 1069 cogentis
1958 1028 2106 1069 imperio:

462 1080 546 1121 quod
572 1081 625 1121 qui
649 1081 744 1111 aliter
767 1081 875 1111 facere
901 1081 1123 1122 temptaverit.
1155 1080 1321 1111 evidenter
1346 1081 1544 1111 caelestibus
1570 1080 1767 1110 iussionibus
1793 1079 1946 1110 obviabit.
1993 1079 2107 1110 merito

462 1142 538 1172 ergo
564 1132 669 1173 pietas
694 1136 802 1162 vestra
826 1133 940 1163 invitat
964 1143 1021 1163 nos
1047 1133 1087 1163 ad
1112 1133 1189 1163 talia
1215 1143 1297 1174 quae
1323 1132 1416 1163 nobis
1442 1133 1646 1174 praecipiunt
1670 1132 1778 1162 divina
1802 1131 1962 1162 mandata.

1216 1331 1356 1361 XXVII.

877 1407 1100 1438 SENATORI
1126 1402 1209 1438 ΡΡῙ)
1235 1407 1578 1439 THEODAHADUS
1603 1408 1704 1439 REX.
1927 1445 1946 1465 a
1974 1435 2109 1473 535l536

566 1486 637 1516 Non
663 1486 750 1518 dare.
776 1486 832 1516 sed
859 1485 992 1516 reddere
1018 1486 1144 1516 videtur
1169 1497 1341 1527 expensas.
1368 1486 1512 1527 quisquis
1539 1486 1714 1516 tributariis
1741 1487 1847 1527 aliquo
1871 1486 2013 1517 remedio
2033 1486 2108 1517 sub-

464 1538 574 1568 venire
607 1537 748 1568 festinat.
796 1537 870 1578 quid
904 1538 986 1568 enim
1019 1538 1133 1568 iustius
1167 1542 1217 1568 cst
1248 1548 1342 1579 quani
1375 1538 1498 1578 petenti
1529 1538 1674 1568 conferre
1703 1538 1787 1578 quod
1812 1538 2014 1578 intellegitur
2038 1539 2108 1579 ipse

462 1589 650 1620 laborasset*
697 1589 737 1620 ad
762 1589 1017 1619 misericordiam
1043 1590 1176 1619 forsitan
1202 1594 1374 1630 pascantur
1399 1590 1508 1619 otiosi:
1541 1590 1643 1620 cultor
1668 1591 1735 1630 agri
1761 1590 1801 1620 ad
1825 1590 1964 1620 futuram
1990 1590 2109 1620 famem

464 1641 636 1671 deseritur.
669 1641 729 1671 nisi
759 1642 801 1673 ci.
833 1652 902 1671 00111
930 1652 1064 1671 necesse
1089 1641 1200 1672 fuerit.
1235 1633 1435 1671 subvenitur.
1484 1641 1690 1683 Quapropter
1713 1641 1928 1672 industriosae
1954 1641 2108 1682 Liguriae

464 1692 655 1733 devotisque
687 1692 831 1722 Venetiis
865 1693 958 1734 copia
990 1693 1155 1723 subtracta
1187 1693 1305 1723 dicitur
1339 1704 1411 1723 esse
1446 1693 1484 1723 de
1518 1694 1653 1734 campis:
1692 1693 1747 1723 sed
1780 1704 1863 1723 nunc
1895 1697 2047 1724 nascatur
2077 1693 2108 1724 in

420 1751 430 1769 2
464 1744 604 1777 horreis.
636 1744 711 1784 quia
743 1744 836 1774 nimis
860 1745 990 1785 impium
1017 1749 1066 1775 est
1091 1745 1288 1786 plenissimis
1313 1745 1402 1774 cellis
1427 1755 1547 1775 vacuos
1572 1746 1694 1775 esurire
1720 1745 1870 1775 cultores.
1917 1749 2013 1785 atque
2037 1744 2109 1776 ideo

462 1795 595 1825 illustris
628 1795 816 1836 magnitudo
846 1800 967 1828 vestra.
1001 1807 1133 1837 quorum
1164 1796 1301 1837 dignitas
1331 1796 1369 1826 ad
1401 1796 1461 1826 hoc
1492 1796 1611 1837 legitur
1639 1796 1802 1827 instituta.
1835 1801 1869 1827 ut
1893 1796 1932 1827 de
1957 1797 2108 1838 repositis

464 1849 565 1889 copiis
591 1849 744 1889 populum
770 1852 913 1880 saturare
940 1850 1093 1891 possetis,
1122 1850 1309 1890 Liguribus,
1336 1860 1415 1890 quos
1441 1853 1549 1879 tamen
1574 1848 1719 1889 indigere
1745 1849 1955 1887 cognoscitis,
1981 1849 2109 1879 tertiam

464 1901 643 1941 portionem
677 1911 717 1931 ex
748 1900 873 1931 horreis
898 1901 1125 1932 Ticinensibus
1159 1905 1255 1942 atque
1282 1901 1542 1931 Dcrtonensibus
1574 1911 1631 1942 per
1661 1899 1798 1930 solidum
1831 1900 1940 1940 viginti
1971 1900 2109 1941 quinque

463 1952 586 1983 modios
617 1952 752 1983 distrahi
785 1953 955 1983 censitote.
1003 1953 1136 1984 Venetis
1168 1958 1275 1983 autem
1306 1964 1345 1984 cx
1371 1953 1560 1983 Tarvisiano
1586 1955 1681 1992 atque
1706 1950 1895 1981 Tridentino
1920 1951 2045 1981 horreis
2069 1951 2108 1982 ad

465 2003 630 2034 definitam
657 2005 804 2045 superius
830 2005 1043 2045 quantitatem
1069 2006 1145 2035 item
1171 2005 1239 2035 dari
1256 2005 1353 2035 facite
1372 2005 1500 2035 tertiam
1519 2005 1712 2045 portionem,
1738 2008 1772 2033 ut
1789 2003 1942 2033 miserata
1960 2003 2108 2034 divinitas

465 2056 590 2096 copiam
619 2056 730 2096 largiri
759 2056 875 2097 possit,
911 2067 1005 2097 qnam
1034 2057 1180 2087 homines
1210 2057 1241 2086 111
1271 2067 1304 2087 se
1331 2057 1517 2087 exercuisse
1543 2055 1719 2095 cognoscit.
1768 2058 1799 2085 et
1823 2054 1894 2085 ideo
1920 2055 2000 2085 tales
2025 2055 2109 2085 viros

463 2106 511 2136 his
535 2106 815 2138 distributionibus
841 2107 1005 2140 adhibete.
1030 2112 1065 2138 ut
1090 2108 1293 2148 indulgentia
1317 2112 1425 2138 nostra
1451 2108 1589 2138 maxime
1614 2107 1653 2138 ad
1678 2107 1747 2137 illos
1773 2106 1941 2148 perveniat
1965 2107 2017 2148 qui
2042 2107 2107 2137 suis

464 2158 583 2189 viribus
607 2159 697 2199 pasci
722 2159 853 2190 minime
878 2163 1061 2200 potuerunt.

567 2297 833 2322 BZ.V1<E('F›.·JJ‹.¹J
851 2298 967 2329 [lqririzmt

568 2382 579 2406 1
602 2392 679 2407 cansa
700 2383 751 2406 Z.Y
846 2384 1032 2408 misericordiae
1057 2394 1080 2408 11.
1106 2394 1129 2408 .·1Α
1154 2394 1219 2415 quw·
1244 2393 1291 2408 om.
1314 2385 1332 2407 Δ1
1471 2384 1486 2407 2
1505 2385 1592 2408 (11111110
1616 2383 1651 2406 ΙῦῙ
1750 2382 1885 2415 potentiae]
1915 2384 2066 2415 penitentiae
2086 2384 2110 2408 B

463 2427 479 2450 3
497 2427 578 2458 gralia
599 2427 661 2449 forn·
682 2427 703 2449 ,l
819 2426 834 2449 Ῑι
854 2427 979 2450 contraxit
1001 2427 1078 2451 lx'lz'l'*
1153 2428 1395 2451 eineinentissiinnm
1416 2427 1457 2450 Ra
1571 2427 1586 2449 <i
1606 2424 1772 2456 ordinatione]
1792 2426 1890 2457 scripsi,
1909 2427 2032 2451 ordinatio
2052 2427 2110 2451 libri

463 2470 478 2492 9
498 2478 562 2501 poss.
582 2469 646 2492 (10111.
662 2477 706 2492 rer.
720 2469 748 2492 F
781 2470 853 2492 uobis
868 2469 892 2492 lv}
992 2470 1022 2493 10
1041 2474 1141 2494 nostrae
1157 2470 1203 2494 I¹'.l
1267 2471 1296 2493 110
1316 2469 1438 2501 rnnildae]
1459 2470 1603 2494 neranildae
1618 2470 1639 2492 A
1707 2477 1783 2493 causa
1798 2467 1874 2500 unde]
1896 2470 1962 2493 unde
1975 2478 2052 2494 causa
2068 2469 2109 2493 Ba

466 2512 492 2536 11
515 2511 640 2543 quamuis]
661 2521 735 2543 quam
750 2512 777 2536 F
862 2512 892 2536 12
912 2513 984 2536 uobis
999 2513 1023 2536 Κ
1075 2512 1182 2545 propria]
1204 2519 1287 2537 nostra
1303 2514 1324 2536 A
1417 2512 1446 2536 13
1467 2514 1587 2545 religione
1600 2512 1700 2536 KEFA
1792 2511 1821 2536 14
1841 2511 1933 2543 reruni]
1953 2516 2048 2536 certum
2061 2512 2113 2536 EF

465 2555 496 2578 15
515 2564 560 2579 nos
580 2564 627 2579 om.
646 2555 664 2578 ,1
777 2554 805 2578 17
825 2556 868 2586 qui
887 2556 961 2579 :iliter
981 2565 1039 2585 (om.
1058 2555 1120 2588 Jl‘t]
1141 2556 1248 2587 qualiter
1262 2555 1302 2579 B¹
1374 2555 1498 2587 obuiabit]
1519 2556 1576 2582 EF,
1595 2556 1712 2579 obuiauit
1725 2554 1850 2578 BZXKA
1957 2555 1989 2579 18
2007 2554 2108 2587 inuitat]

464 2599 547 2622 inutat
560 2598 584 2621 Z
634 2598 784 2629 precipuum
800 2597 823 2621 B
915 2597 947 2621 ‘22
967 2597 1111 2630 pascantur]
1126 2600 1224 2630 scripsi.
1245 2604 1382 2630 poscantur
1396 2598 1531 2625 BZXKA,
1551 2602 1668 2630 poscatur
1681 2597 1734 2622 EF
1818 2597 1851 2621 24
1870 2596 1946 2630 nunc]
1967 2606 2071 2622 numero
2085 2598 2114 2621 N

463 2640 495 2665 26
516 2640 610 2673 uestra]
631 2645 673 2664 tua
690 2641 711 2663 A
772 2641 903 2672 repensitis
918 2641 957 2664 ΕΙ
1054 2641 1085 2665 ΞΤ
1106 2643 1206 2673 possitis
1222 2642 1275 2665 RF
1333 2642 1459 2673 liguribus
1478 2652 1500 2674 q.
1515 2646 1531 2666 t.
1545 2643 1559 2665 i.
1574 2642 1726 2673 cognoscitis
1739 2650 1785 2665 om.
1801 2641 1823 2664 A
1922 2640 1955 2665 ‘23
1973 2642 2072 2666 orreds
2084 2641 2110 2665 B

516 2684 674 2708 uticensibus
689 2683 718 2707 X
765 2689 841 2714 atquc
856 2683 1058 2716 dertonensibus]
1079 2694 1100 2709 a.
1116 2686 1300 2709 ueronensibus
1314 2684 1363 2711 F‘2,
1382 2694 1429 2709 om.
1444 2685 1485 2708 Ea
1573 2684 1605 2708 25³
1625 2683 1772 2716 taruisiano]
1789 2684 1898 2713 BZNK,
1916 2685 2038 2708 teruisiuo
2052 2684 2109 2711 EF,

464 2728 586 2751 taruisino
606 2727 628 2750 A
751 2725 785 2750 31)
804 2724 871 2757 item]
893 2727 924 2756 ⁴1,
949 2727 1014 2751 idem
1035 2728 1093 2751 libri
1215 2727 1248 2751 132.)
1268 2728 1315 2751 hiis
1336 2727 1368 2758 N,
1386 2736 1433 2752 om.
1454 2727 1495 2751 K¹
1586 2727 1792 2752 distributoribus
1811 2727 1853 2752 F²
1940 2727 2058 2752 adhibere
2077 2727 2110 2759 E,

465 2771 577 2794 adhibite
598 2770 640 2793 ΝΛ
