2279 3261
383 620 398 647 xl

420 728 443 745 10

418 1452 442 1470 20

468 174 526 204 180
1186 171 1398 199 CAsstORI

463 259 524 289 nisi
551 259 611 289 hoc
641 262 672 289 et
700 259 768 299 ipse
797 258 864 287 fieri
894 257 1100 288 decrevisset.
1148 257 1290 288 subdidit
1322 259 1391 289 eius
1421 259 1552 289 arbitrio
1583 261 1689 291 aliena
1717 261 1849 299 iudicia.
1880 266 1915 292 ut
1939 262 1979 293 ad
2004 263 2109 304 ipsum

464 310 583 340 rediret
618 309 701 350 quod
737 310 819 339 alter
854 310 939 339 visus
975 312 1024 339 cst
1058 310 1273 350 praestitisse.
1328 311 1494 341 molestias
1531 310 1659 351 quidem
1696 322 1759 343 non
1794 313 1894 344 habet
1927 314 2109 354 exigendae

463 362 635 402 pecuniae.
667 361 722 391 sed
752 361 816 390 late
846 360 930 391 bono
962 360 1076 391 fruitur
1105 362 1274 402 potestatis
1300 362 1467 404 indeptae.
1499 362 1610 397 oredo.
1640 367 1675 394 ut
1699 375 1740 395 ex
1764 364 1900 396 diversis
1924 365 2026 395 titulis
2051 365 2107 396 de-

462 413 630 443 floraretur
665 412 805 453 dignitas
840 412 879 442 ad
914 413 1063 444 levamen
1098 413 1250 455 principis
1287 415 1444 444 instituta.
1498 414 1758 455 Peraequatores
1792 416 1888 447 etiam
1922 417 2109 447 victualium

462 474 568 494 rerum
593 464 625 494 in
648 464 727 494 urbe
752 464 842 505 regia
865 465 996 506 propria
1020 465 1186 496 voluntate
1212 467 1379 496 constituit
1403 469 1436 497 et
1459 469 1525 497 tam
1550 468 1755 498 necessariae
1780 468 1826 498 rei
1849 468 1991 499 iudicem
2021 469 2109 501 facit.

463 516 531 556 ipse
557 516 641 545 enim
666 515 819 556 gaudium
848 517 992 558 populis,
1023 517 1093 559 ipse
1124 518 1243 548 nostris
1273 518 1472 559 temporibus
1504 521 1648 558 praestat
1678 521 1840 558 ornatum,
1869 519 1996 560 quando
2026 521 2108 551 tales

462 567 546 597 viros
578 567 690 607 copiae
723 567 872 608 publicae
904 568 1067 609 praeficit,
1100 572 1135 599 ut
1164 569 1258 611 plebs
1289 569 1424 610 querula-
1455 569 1647 600 seditionem
1678 571 1802 601 nesciat
1832 571 1952 602 habere
1982 572 2108 603 satiata.

462 617 611 649 Officium
637 629 712 649 vero
737 619 806 649 eius
831 623 921 650 tanta
947 621 1033 660 genii
1057 621 1282 662 praerogativa
1299 621 1481 659 decoratur,
1506 625 1540 651 ut
1561 622 1695 652 militiae
1713 622 1902 663 perfunctus
1920 623 2107 654 muneribus

463 674 593 700 ornetur
610 670 740 701 nomine
759 671 959 712 principatus
978 672 1122 712 miroque
1140 672 1234 702 modo
1260 673 1344 702 inter
1367 673 1588 713 praetorianas
1614 673 1764 705 cohortes
1791 677 1823 704 et
1847 674 1990 705 urbanae
2014 685 2107 716 prae-

463 722 608 752 fecturae
638 722 756 752 milites
788 722 958 753 videantur
987 723 1152 754 invenisse
1185 724 1373 765 primatum.
1406 735 1424 754 a
1453 724 1569 765 quibus
1599 724 1656 754 tibi
1685 725 1805 756 humile
1835 726 2022 757 solvebatur
2052 727 2107 757 ob-

463 774 621 814 sequium.
660 774 705 804 sic
730 774 761 804 in
785 774 897 805 favore
923 775 1031 815 magni
1056 775 1187 805 honoris
1212 775 1369 806 iniustitia
1393 775 1554 816 quaedam
1579 787 1597 806 a
1621 776 1747 816 legibus
1773 777 1869 807 venit.
1895 777 1969 808 dum
1994 778 2107 808 alienis

462 825 606 855 excubiis
637 826 853 866 praeponitur.
888 827 939 867 qui
973 826 1048 856 alibi
1081 827 1238 857 militasse
1271 827 1465 858 declaratur.
1512 827 1650 857 Adiutor
1682 828 1779 858 ctiam
1810 829 1957 870 magistri
1991 829 2108 859 nostris

462 880 686 917 praesentatur
717 877 896 913 obtutibus.
930 882 965 907 ut
997 878 1117 908 vicaria
1148 882 1233 909 sorte
1267 879 1414 909 beneficii
1446 890 1504 909 nos
1536 879 1693 920 eligamus
1726 880 1795 910 eius
1825 880 2022 921 praesidium
2056 881 2108 922 qui

461 928 554 958 nobis
572 932 715 968 praestat
733 928 828 959 fidele
847 929 1012 959 solacium.
1051 929 1134 960 hanc
1152 930 1250 971 igitur
1272 930 1474 971 dignitatem,
1499 934 1546 961 tot
1571 931 1674 961 titulis
1700 931 1829 962 claram.
1854 936 1902 962 tot
1926 933 2108 973 insignibus

432 987 442 1003 ι’»
463 980 664 1021 opulentam,
696 990 753 1021 per
781 980 989 1011 indictionem
1022 981 1110 1012 illam
1142 982 1385 1023 gubernandam
1416 982 1473 1013 tibi
1504 993 1647 1023 congrua
1678 984 1836 1024 gravitate
1868 985 2107 1021 committimus.

459 1035 494 1061 ut
519 1032 626 1061 omnia
655 1042 736 1072 quae
767 1033 908 1072 gesseris
938 1033 1094 1073 magister
1118 1034 1237 1065 fecisse
1263 1034 1419 1065 videaris:
1452 1034 1527 1075 quia
1551 1034 1630 1064 nihil
1656 1035 1798 1066 moribus
1824 1036 1986 1066 residuum
2012 1036 2108 1066 relin-

461 1083 578 1123 quitur.
604 1083 639 1118 si.
665 1083 749 1124 quod
775 1083 868 1117 absit.
893 1095 911 1114 a
936 1087 1026 1115 tanta
1050 1086 1238 1117 maturitate
1263 1090 1427 1128 peccetur.

1247 1259 1322 1290 VII.

725 1325 941 1357 FORMULA
967 1327 1220 1359 COMITIVAE
1247 1328 1493 1360 SAORARUM
1518 1326 1845 1360 LARGITIONUM.

563 1394 663 1424 Grata
688 1399 761 1425 sunt
785 1395 913 1425 omnino
944 1396 1072 1427 nomina
1101 1407 1183 1438 quae
1215 1396 1386 1439 designant
1416 1398 1562 1439 protinus
1592 1398 1753 1433 actiones.
1785 1399 1912 1440 quando
1944 1402 2011 1430 tota
2039 1411 2107 1430 am-

461 1446 602 1486 biguitas
627 1446 769 1477 audienti
794 1447 926 1481 tollitur.
956 1447 1011 1478 ubi
1036 1449 1068 1478 in
1093 1449 1251 1480 vocabulo
1277 1449 1478 1480 concluditur
1503 1449 1578 1490 quid
1603 1454 1743 1490 geratur.
1789 1450 1882 1481 donis
1907 1451 1990 1481 enim
2014 1462 2107 1493 prae-

461 1497 565 1528 sidere
591 1498 754 1538 regalibus
779 1498 960 1530 comitivam
986 1510 1149 1531 sacrarum
1173 1501 1379 1541 largitionum
1404 1500 1524 1531 indicia
1547 1512 1654 1532 rerum
1679 1502 1780 1532 verba
1803 1505 1975 1534 testantur.
2022 1503 2108 1544 quod

460 1560 535 1580 vere
560 1549 723 1586 decorum.
748 1561 824 1581 vere
850 1551 909 1581 fuit
934 1552 1126 1583 omnimodis
1148 1553 1345 1594 exquisitum
1364 1553 1395 1583 in
1414 1553 1569 1583 donorum
1587 1553 1742 1594 regalium
1762 1557 1852 1595 parte
1871 1558 2107 1595 sequestratam

459 1601 567 1631 facere
592 1601 784 1642 dignitatem
811 1606 842 1632 ct
866 1603 1000 1634 alterius
1026 1604 1181 1635 honorem
1207 1605 1330 1637 dicere.
1361 1604 1436 1635 dum
1461 1616 1519 1635 nos
1545 1609 1672 1636 constet
1696 1605 1781 1636 dona
1811 1605 1970 1637 conferre.
2016 1610 2107 1637 actus

459 1653 625 1687 innocens.
650 1654 779 1695 pietatis
803 1655 943 1685 officium
969 1655 1048 1686 illud
1074 1666 1202 1697 semper
1226 1657 1387 1697 ingerere.
1413 1656 1498 1687 unde
1525 1667 1558 1687 se
1580 1657 1667 1687 fama
1684 1657 1838 1698 principis
1856 1658 1959 1698 possit
1976 1668 2107 1699 augere.

415 1713 433 1729 ι’-
459 1704 638 1745 Regalibus
672 1716 789 1746 magna
820 1706 963 1747 profecto
997 1707 1135 1738 felicitas
1168 1707 1306 1739 militare
1341 1707 1434 1738 donis
1469 1711 1500 1738 et
1531 1708 1721 1749 dignitatem
1754 1709 1875 1739 habere
1906 1709 1946 1740 de
1977 1710 2106 1750 publica

458 1756 619 1797 largitate.
666 1757 718 1787 alii
744 1757 865 1788 iudices
891 1762 1116 1800 optemperant
1140 1759 1278 1789 residuis
1304 1759 1475 1790 virtutibus
1501 1760 1696 1800 regnatoris:
1732 1760 1810 1790 haec
1836 1761 1905 1791 sola
1929 1764 1993 1792 est.
2024 1771 2106 1802 quae

458 1808 678 1839 tantummodo
710 1809 828 1839 serviat
858 1809 897 1839 ad
927 1814 1090 1841 momenta
1120 1811 1260 1852 pietatis.
1307 1811 1386 1841 nihil
1419 1812 1503 1842 enim
1534 1822 1590 1853 per
1621 1812 1724 1853 ipsam
1755 1811 1937 1842 districtum
1971 1813 2105 1853 geritur,

457 1860 500 1890 nil
530 1871 679 1891 severum
709 1861 791 1891 forte
822 1864 982 1899 censetur.
1017 1863 1075 1893 sed
1106 1865 1182 1893 tunc
1214 1863 1412 1904 obsequitur,
1445 1863 1572 1904 quando
1602 1874 1659 1904 pro
1691 1863 1781 1893 nobis
1813 1867 1888 1894 vota
1918 1863 2104 1895 funduntur.

457 1912 636 1953 supplicum
667 1923 724 1953 per
753 1917 784 1943 te
814 1913 958 1944 fortunas
989 1914 1158 1955 erigimus.
1194 1914 1258 1945 kal.
1284 1914 1444 1945 Ianuariis
1474 1915 1597 1945 affatim
1626 1914 1709 1945 dona
1737 1915 1892 1956 largimur
1921 1918 1953 1945 et
1983 1915 2106 1946 laetitia

414 1971 419 1987 ἱ
458 1963 587 2004 publica
612 1964 725 1994 militia
750 1967 805 1994 tua
830 1969 889 1996 est.
930 1965 1052 1996 Verum
1078 1966 1159 1996 hanc
1186 1966 1415 1997 liberalitatem
1440 1970 1584 1997 nostram
1616 1966 1678 1997 alio
1708 1966 1841 1997 decoras
1870 1966 2042 2008 obsequio7
2071 1971 2106 1997 ut

455 2015 558 2055 figura
584 2015 688 2045 vultus
714 2016 814 2046 nostri
839 2017 979 2047 metallis
1004 2017 1174 2047 usualibus
1205 2017 1408 2058 inprimatur.
1438 2022 1666 2058 monetamque
1694 2018 1772 2048 facis
1803 2018 1842 2049 de
1872 2019 1990 2049 nostris
2022 2022 2103 2049 tem-

456 2066 588 2107 poribus
620 2067 727 2097 futura
758 2069 889 2098 saecula
921 2078 1136 2100 commonere.
1184 2080 1201 2099 o
1225 2079 1343 2109 magna
1375 2069 1506 2100 inventa
1540 2069 1758 2111 prudentium!
1807 2080 1823 2100 ο
1850 2070 2023 2100 laudabilia
2055 2071 2103 2100 in-

560 2205 811 2238 JAEKHTNJEOE)

559 2291 569 2315 1
592 2292 639 2315 hoc
658 2296 682 2315 ct
701 2291 762 2324 ipse]
788 2293 839 2324 ipse
860 2293 906 2316 hoc·
920 2293 947 2316 F
1049 2292 1064 2317 3
1084 2292 1144 2326 late]
1164 2298 1248 2326 aperte
1265 2294 1318 2318 Oui.
1339 2303 1394 2317 cum
1413 2294 1487 2318 codd.
1503 2294 1715 2326 Carpentrasensi
1736 2300 1757 2319 el
1773 2295 1976 2327 cantabrigiensi
1993 2296 2020 2321 S.
2032 2296 2102 2321 Petri

454 2338 475 2357 et
492 2333 678 2358 Vimlohovzensi
690 2336 750 2358 3112
814 2337 841 2359 sr.
862 2336 962 2360 b011.F
1021 2337 1146 2368 hulempte
1161 2337 1191 2367 P,
1214 2337 1272 2362 inde
1291 2338 1371 2369 eepite
1390 2337 1416 2363 T.
1441 2337 1497 2361 inde
1517 2338 1584 2369 cepit
1599 2337 1627 2363 Γ,
1646 2338 1743 2370 incepto
1757 2338 1814 2368 EF,
1833 2339 1939 2370 adeptae
1954 2339 1976 2362 A
2044 2341 2101 2364 titu-

454 2377 490 2400 los
507 2377 556 2400 TIv
606 2378 741 2401 defloretur
759 2377 779 2401 [ι’
867 2377 882 2402 4
902 2377 985 2409 otiam]
1007 2383 1031 2402 et
1042 2379 1069 2402 F
1152 2379 1168 2403 ξ)
1187 2388 1270 2404 rerum
1285 2389 1332 2404 om.
1348 2379 1397 2403 ΤΠ
1446 2379 1506 2411 tam]
1521 2385 1606 2404 tamen
1619 2380 1642 2403 R
1730 2380 1744 2404 ’ἶ
1759 2380 1839 2413 plebs]
1854 2382 1900 2405 inc.
1914 2382 1954 2405 Pa
2007 2383 2103 2407 neseiat

454 2419 556 2451 habere]
572 2420 680 2445 PTJ'A.
700 2421 793 2444 hahere
814 2429 871 2445 lom.
886 2422 993 2446 nos-ciat»
1008 2422 1062 2446 LR.
1083 2423 1174 2446 habere
1188 2432 1238 2447 non
1254 2423 1344 2447 debeat
1361 2422 1439 2446 KEF
1523 2422 1538 2447 S
1558 2422 1670 2455 militiae]
1686 2423 1784 2451 EFAE,
1803 2425 1892 2448 militia
1908 2424 2102 2448 LIfKPTILir

505 2464 608 2487 functus
627 2463 674 2486 TIv
811 2463 826 2487 9
850 2466 988 2495 praetorias
1008 2466 1028 2488 Α
1138 2466 1246 2490 urbanas
1266 2466 1290 2489 lt
1430 2465 1459 2490 11
1485 2467 1583 2490 iusticia
1601 2467 1631 2496 P,
1660 2467 1755 2491 iustitia
1775 2467 1802 2490 F
1902 2468 1973 2491 uenit
1995 2477 2042 2493 om.
2059 2468 2102 2491 Fa

455 2505 485 2530 12
504 2507 677 2538 praeponitur]
700 2507 745 2535 ΑΨ,
771 2509 918 2539 pmponitur
937 2509 995 2532 libri
1083 2510 1144 2533 alibi
1170 2510 1289 2533 militasse
1316 2510 1484 2534 *ministrasse
1504 2508 1554 2541 ΙΝ]
1581 2510 1632 2534 mil.
1653 2510 1684 2534 al.
1709 2510 1729 2533 R
1852 2509 1884 2534 13
1906 2511 1957 2534 obt.
1977 2519 2058 2542 praes.
2079 2510 2106 2534 F

505 2551 567 2574 sorte
590 2549 626 2572 [ι’1
719 2559 764 2573 nus
789 2559 835 2574 om,
856 2552 875 2574 „1
1011 2551 1040 2576 14
1067 2550 1170 2583 claram]
1197 2553 1338 2577 decoratam
1358 2552 1440 2576 KEF
1566 2552 1596 2576 1ss
1622 2553 1739 2577 uideatur
1762 2553 1804 2576 Ka
1932 2552 1963 2577 19
1989 2553 2100 2585 quando]

452 2593 572 2624 quoniam
595 2592 619 2615 E
678 2593 743 2616 amb.
764 2597 806 2617 tot.
826 2594 874 2616 TIv
969 2594 1002 2618 :20
1020 2596 1138 2619 audiendi
1159 2595 1243 2619 PbAr
1263 2595 1355 2625 (altero
1376 2596 1438 2621 loeo.
1463 2604 1520 2619 nam
1541 2595 1607 2620 haec*
1621 2596 1646 2619 iu
1666 2596 1719 2620 cod.
1738 2597 1913 2627 yemincmtwy
1980 2597 2052 2621 bonis
2072 2596 2102 2624 P,

452 2636 541 2659 domus
558 2636 581 2659 T
682 2634 712 2659 ‘21
734 2636 825 2660 iudicia
844 2637 878 2659 ,μ’
984 2637 1016 2661 22
1036 2637 1105 2669 uere]
1126 2647 1186 2663 uere
1205 2644 1265 2671 putu
1282 2639 1309 2669 T,
1329 2647 1397 2663 nuuc
1416 2643 1476 2671 puto
1493 2638 1521 2668 Γ,
1540 2648 1602 2663 uoce
1618 2639 1648 2669 E,
1667 2648 1714 2663 om.
1726 2639 1767 2662 F¹
1839 2638 1972 2671 donorum]
1993 2640 2058 2664 dono
2073 2639 2101 2669 U,

452 2679 524 2702 domo
544 2679 566 2701 T
627 2683 813 2710 sequestratum
829 2679 866 2703 L¹
964 2680 997 2704 *253
1016 2682 1104 2705 offerre
1118 2681 1143 2704 Iz'
1238 2681 1270 2706 24
1291 2683 1417 2713 iugerercs
1436 2682 1463 2708 Τ,
1482 2682 1585 2714 uigente
1599 2681 1623 2705 L*
1681 2690 1707 2706 se
1727 2682 1767 2706 lde
1781 2681 1874 2714 L³[?])
1894 2684 1951 2707 fam.
1972 2681 2019 2715 piu]
2040 2684 2099 2707 fam.

452 2730 488 2753 pr.
508 2730 534 2745 se
550 2721 576 2745 F
661 2721 693 2745 :26
712 2730 782 2752 regn.
803 2723 860 2746 uirt.
874 2723 900 2746 F
985 2723 1016 2747 L'T
1031 2725 1107 2747 seruit
1125 2724 1198 2748 TZ'E
1250 2725 1284 2748 nil
1298 2725 1326 2748 F
1410 2723 1442 2748 28
1462 2725 1603 2749 fundantur
1617 2724 1655 2748 Ι,ι
1743 2724 1776 2748 29
1795 2726 1948 2757 supplicium
1961 2725 1994 2749 L¹
2042 2726 2099 2750 dou.

450 2765 513 2796 larg.
537 2766 578 2789 aff.
601 2765 622 2788 l?
744 2764 777 2789 30
800 2765 941 2790 libertatem
963 2766 1041 2790 ΚΤΓ
1127 2766 1258 2799 obsequio]
1283 2768 1366 2792 officio
1386 2768 1450 2792 Par
1572 2767 1602 2792 31
1628 2768 1657 2792 de
1680 2776 1727 2792 om.
1747 2767 1812 2791 EF²
1935 2768 1968 2793 32
1993 2777 2100 2793 eommo-

451 2815 509 2831 uere
532 2807 557 2830 K
627 2808 780 2839 prudentum
803 2809 823 2831 Α
