2279 3261
765 180 958 206 VARIARVM
980 180 1065 209 V1111‚
1088 182 1125 206 15.
1147 182 1185 206 19.
1206 182 1245 207 20.
1765 184 1825 213 285

178 269 211 296 et
234 266 362 297 usualia
386 266 457 296 iura
481 265 610 306 publica
636 266 694 296 sub
726 266 811 296 omni
842 277 1011 298 censemus
1040 267 1248 298 districtionis
1280 268 1393 299 robore
1424 269 1592 305 custodiri,
1625 279 1706 310 quac
1738 273 1826 299 tanto

167 318 354 348 ‘munimine
380 328 413 348 se
439 321 568 358 tegunt.
601 321 634 348 ut
658 322 766 348 nostra
791 329 917 359 quoque
942 319 1146 349 iurisiurandi
1173 319 1417 360 interpositione
1444 320 1624 360 cingantur.
1672 320 1745 361 quid
1772 330 1830 361 per

178 370 278 400 multa
299 369 530 400 discurrimus?
576 369 684 409 legum
714 370 835 401 usualis
862 371 975 410 regula
1000 375 1031 401 ct
1057 374 1304 412 praeceptorum
1330 375 1512 401 nostrorum
1539 372 1683 413 probitas
1709 372 1827 412 ubique

180 424 337 452 servetur.

930 516 1073 547 XVIIII.

496 584 692 615 SENATUI
719 585 852 616 URBIS
877 585 1033 616 ROMAE
1061 586 1382 617 ATIIALARIOUS
1408 586 1508 616 REX.

1677 615 1700 634 c.
1718 615 1746 634 (1,.
1766 606 1828 633 533

280 653 507 684 Laudabilium
535 655 711 685 iussionum
737 666 851 685 causas
878 656 1067 697 plerumque
1098 655 1233 696 praebet
1262 655 1487 696 vituperabilis
1517 666 1671 686 excessus
1701 657 1826 686 alicnus

178 710 209 736 et
233 706 313 736 miro
337 705 432 736 modo
458 710 621 736 momenta
645 707 788 737 iustitiae
813 707 851 737 dc
877 708 1055 748 iniquitatis
1080 708 1249 737 occasione.
1274 712 1460 737 nascuntur.
1507 707 1582 737 silet
1606 708 1689 737 enim
1716 709 1827 749 acqui-

177 761 238 792 tas.
264 758 289 787 si
313 757 408 799 culpa
433 768 495 788 non
521 758 715 788 vociferetur
740 758 882 789 admissa
906 764 938 789 et
960 760 1110 789 feriatum
1136 759 1272 800 quiescit
1289 759 1442 800 principis
1462 759 1638 798 ingenium,
1665 759 1747 800 quod
1767 771 1828 790 non

177 810 273 840 fuerit
290 809 398 850 aliqua
418 809 564 850 querella
588 815 807 850 provocatum.
849 810 1124 852 Conquerentium
1150 810 1308 852 siquidem
1335 810 1466 840 vocibus
1492 811 1595 841 adacti
1622 816 1652 841 et
1677 813 1828 852 frequen-

177 862 256 892 tium
289 861 478 903 populorum
513 860 552 891 de
585 861 680 892 rebus
712 862 905 903 quibusdam
938 863 1199 904 interpellatione
1234 863 1418 892 commoniti
1450 863 1637 892 necessaria
1668 863 1827 904 quaedam

177 912 342 943 Romanae
368 913 467 954 quieti
493 913 622 943 edictali
648 918 887 954 programmate
913 914 1081 945 duodecim
1108 914 1283 955 capitibus.
1317 914 1399 944 sicut
1428 915 1476 944 ius
1509 914 1601 945 civile
1632 915 1751 955 legitur
1782 915 1828 944 in-

178 965 335 1002 stitutum,
360 965 391 995 in
417 975 533 995 aevum
559 965 717 996 servanda
742 966 1005 1007 conscripsimus,
1031 976 1112 1007 quae
1139 965 1299 996 custodita
1318 965 1480 996 residuum
1500 967 1548 996 ius
1567 977 1628 996 non
1648 966 1830 1001 debilitare,

177 1016 234 1047 sed
259 1017 365 1058 potius
391 1017 596 1047 corroborare
623 1017 802 1048 videantur.
850 1018 941 1048 llaec
972 1018 1002 1048 in
1033 1021 1144 1048 coetus
1175 1018 1272 1048 vestri
1303 1017 1474 1058 splendore
1506 1019 1682 1048 recitentur
1713 1023 1745 1048 ct
1776 1028 1832 1060 per

177 1069 311 1109 triginta
335 1068 402 1099 dies
428 1068 612 1110 praefectus
637 1069 725 1099 urbis
749 1069 828 1099 locis
855 1069 1074 1100 celeberrimis
1100 1070 1197 1100 faciat
1222 1070 1370 1100 sollemni
1393 1080 1481 1100 more
1501 1071 1646 1111 proponi.
1671 1076 1706 1100 ut
1723 1075 1831 1100 nostra

177 1121 331 1151 civilitate
356 1121 524 1161 recognita
549 1131 622 1162 spes
649 1122 838 1151 truculentis
865 1121 1004 1151 moribus
1030 1121 1206 1151 auferatur.
1253 1132 1326 1151 nam
1352 1132 1415 1162 qua
1440 1121 1632 1152 confidentia
1659 1125 1828 1163 protervus

179 1176 323 1203 assumat
348 1172 433 1213 quod
457 1173 612 1214 principis
637 1174 809 1213 agnoverit
833 1173 1005 1203 damnasse
1031 1173 1258 1203 clementiam?
1306 1173 1417 1203 redeat
1441 1184 1531 1203 amor
1555 1174 1703 1203 omnibus
1734 1173 1830 1203 disci-

177 1224 300 1267 plinae,
337 1235 394 1266 per
430 1235 525 1266 quain
562 1230 592 1254 et
629 1235 727 1266 parva
759 1225 946 1255 coalescunt
978 1228 1009 1254 et
1041 1225 1167 1266 potiora
1201 1229 1382 1255 servantur.
1438 1225 1516 1255 Ideo
1548 1225 1631 1255 enim
1667 1226 1832 1255 exercitus

178 1279 305 1307 nostros
330 1276 462 1307 iuvante
488 1276 548 1307 deo
575 1276 695 1307 crebris
721 1276 983 1318 expeditionibus
1009 1287 1259 1309 commovemus,
1290 1281 1324 1307 ut
1348 1277 1594 1308 universitatem
1621 1277 1831 1318 compositam

177 1329 287 1360 vivere
318 1329 446 1370 legibus
479 1329 669 1359 sentiamus.
722 1328 876 1359 reddatur
907 1329 987 1359 haec
1021 1329 1127 1358 animo
1161 1332 1271 1358 nostro
1302 1328 1489 1358 vicissitudo
1523 1329 1754 1369 praemiorum.
1787 1332 1830 1361 ut.

177 1391 271 1422 quem
305 1381 349 1411 rei
381 1381 531 1422 publicae
561 1381 755 1411 utilitatibus
788 1381 981 1421 cognoscitis
1012 1384 1217 1421 occupatum.
1253 1381 1416 1410 rarissima
1447 1381 1661 1421 querellarum
1688 1380 1830 1410 aditione

178 1433 334 1475 pulsetur.
375 1436 510 1463 teneant
527 1433 649 1463 iudices
668 1433 831 1473 legitimas
849 1432 1082 1462 districtiones:
1109 1436 1219 1462 votum
1237 1431 1445 1462 foedissimae
1468 1432 1652 1462 venalitatis
1678 1432 1831 1462 abiciant.

178 1487 284 1515 metus
309 1487 425 1515 cuncta
451 1485 623 1526 componit.
650 1485 675 1514 si
702 1495 774 1515 reus
799 1485 920 1515 crimen
945 1485 975 1514 in
999 1484 1162 1515 iudicante
1188 1495 1250 1514 non
1277 1485 1406 1515 invenit.

971 1632 1045 1663 XX.

532 1692 593 1723 AD
625 1692 880 1724 UNIVERSOS
912 1693 1095 1724 IUDICES
1124 1692 1471 1724 PROVINCIARUM

778 1744 1100 1776 ATHALARIOUS
1126 1745 1228 1776 REX.
1775 1762 1831 1773 -00

1678 1771 1702 1791 C.
1720 1771 1749 1790 (l.
1769 1771 1828 1790 :1:10

287 1814 367 1845 Cum
393 1825 449 1845 vos
474 1815 645 1856 provinciis
670 1815 787 1845 nostris
812 1815 943 1846 iuvante
968 1815 1029 1846 deo
1055 1825 1162 1845 annua
1185 1815 1388 1856 reparatione
1414 1817 1615 1855 praestemus
1642 1823 1700 1843 nec
1725 1812 1865 1842 desint

177 1866 296 1897 iudicia
323 1877 381 1908 per
409 1867 578 1897 universos
608 1866 688 1896 fines
712 1866 826 1897 Italiae
857 1866 1041 1899 distributa.
1073 1867 1292 1907 intellegimus
1322 1866 1361 1897 de
1392 1867 1499 1907 inopia.
1530 1865 1672 1895 iustitiae.
1705 1865 1829 1905 copiam

179 1918 291 1948 venire
309 1929 490 1949 causarum.
528 1919 623 1960 eulpa
642 1918 800 1960 siquidem
827 1923 956 1949 vestrae
982 1918 1136 1960 probatur
1160 1929 1231 1949 csse
1257 1918 1499 1959 neglegentiae.
1525 1917 1672 1958 quotiens
1698 1927 1715 1946 a
1740 1915 1830 1946 nobis

180 1973 340 2011 coguntur
356 1970 505 2001 homines
522 1970 630 2011 legum
649 1970 808 2000 beneficia
826 1971 1002 2012 postulare.
1043 1981 1114 2000 nam
1134 1970 1204 2011 quis
1224 1971 1362 2011 eligeret
1387 1974 1450 2000 tam
1477 1970 1571 2009 longe
1598 1973 1720 2010 petere.
1746 1967 1829 2009 quod

179 2021 211 2052 in
236 2022 301 2052 suis
326 2021 451 2052 videret
476 2021 607 2052 sedibus
632 2021 824 2052 advenisse?
865 2021 928 2051 Sed
947 2025 981 2051 ut
1000 2021 1090 2051 vobis
1110 2024 1256 2051 versutas
1275 2021 1506 2051 exeusationes
1526 2024 1557 2050 et
1573 2020 1668 2050 duras
1687 2020 1828 2050 necessi-

179 2076 262 2104 tates
280 2073 532 2114 provincialibus
551 2073 751 2105 tolleremus,
777 2073 816 2103 de
834 2073 993 2114 aliquibus
1019 2073 1146 2103 casibus
1171 2072 1327 2103 hactenus
1352 2073 1492 2114 pessimo
1518 2076 1648 2114 torpore
1673 2071 1829 2112 neglectis

179 2125 327 2156 edictalis
351 2125 600 2166 programmatis
631 2124 817 2155 definitione
849 2125 1046 2157 censuimus.
1078 2129 1112 2155 ut
1143 2130 1175 2155 et
1206 2125 1296 2155 vobis
1327 2127 1488 2154 cresceret
1518 2123 1713 2154 confidentia
1743 2126 1830 2153 recte

179 2176 342 2207 iudicandi
367 2180 398 2207 et
422 2177 578 2218 paulatim
604 2175 739 2207 audacia
763 2176 904 2217 maligna
932 2176 1034 2218 possit
1066 2176 1209 2206 inminui.
1258 2175 1342 2217 quod
1372 2186 1459 2205 more
1492 2175 1640 2205 sollemni
1669 2185 1727 2216 per
1756 2184 1829 2204 con-

178 2231 294 2259 ventus
319 2228 465 2270 publicos
490 2228 621 2268 triginta
646 2227 769 2258 dierum
795 2227 891 2258 facite
917 2227 1050 2269 proponi
1076 2227 1229 2261 editione.
1262 2230 1297 2257 ut
1322 2227 1389 2257 iure
1415 2227 1647 2257 condemnatus
1674 2226 1831 2257 habeatur

179 2280 233 2321 qui
257 2284 330 2322 post
354 2280 434 2310 haec
458 2279 601 2310 remedia
625 2290 756 2310 manere
781 2280 1034 2321 praesumpserit
1058 2279 1263 2321 desperatus.

282 2401 570 2433 BZNKE(F)H(GI):
589 2401 614 2425 Ῐιί
633 2405 682 2425 tres
702 2401 793 2425 liabent
812 2409 850 2431 ep.
866 2400 896 2424 19
916 2405 940 2424 ct
958 2409 988 2424 er.
1007 2399 1040 2424 ⁸20
1059 2409 1078 2423 r.
1094 2399 1126 2424 26
1148 2400 1318 2431 intellegimus
1338 2412 1368 2415 —
1389 2398 1421 2422 ’27
1441 2408 1574 2423 causarum

282 2479 298 2503 2
318 2478 516 2512 interpositione]
547 2479 731 2510 antepositione
751 2478 790 2501 Js¹
872 2478 914 2509 qui
934 2477 959 2500 R
1072 2476 1087 2501 3
1106 2477 1212 2501 inultam
1232 2476 1271 2499 E¹
1352 2476 1504 2507 nostrorum]
1529 2481 1630 2501 tuorum
1651 2476 1698 2505 13¹,
1723 2484 1769 2499 σπι.
1791 2475 1831 2499 Β2

180 2522 194 2547 ’ἲ
214 2527 355 2548 nascantur
374 2523 416 2546 Ba
481 2523 545 2547 solet
565 2521 608 2546 Jl¹
706 2521 721 2545 S
741 2522 849 2545 admissa
870 2530 916 2545 om.
933 2521 960 2544 F
1054 2522 1069 2543 9
1089 2520 1299 2552 consequentium
1313 2520 1342 2543 Ι]
1401 2521 1462 2545 aditi
1477 2520 1530 2544 EF
1627 2519 1653 2543 11
1676 2519 1786 2542 cdictiali
1799 2518 1832 2545 B,

180 2566 266 2590 dietali
279 2566 332 2590 HG
433 2565 462 2590 14
481 2566 538 2590 urbi
553 2565 578 2589 Z
633 2566 753 2597 praeponi
769 2564 797 2588 N
852 2568 937 2588 uestra
952 2564 998 2587 HJ
1092 2563 1123 2587 ls)
1142 2563 1293 2587 tnrculentis
1308 2563 1335 2586 Κ
1390 2564 1546 2587 conscientia
1560 2562 1633 2587 HGI
1723 2561 1754 2586 16
1774 2570 1830 2593 eog-

180 2610 280 2633 nouerit
293 2609 326 2634 F.
344 2610 451 2641 agnouit
466 2609 540 2633 HG]
589 2606 758 2639 clementiam]
778 2607 930 2631 sententiam
945 2606 987 2630 Na
1042 2615 1107 2631 omn.
1122 2615 1171 2630 am.
1187 2606 1233 2629 III
1321 2605 1350 2630 1?
1370 2607 1480 2638 portiora
1494 2606 1537 2629 Na
1591 2609 1775 2629 consernantur
1789 2604 1834 2627 XI

182 2651 213 2676 18
232 2660 266 2677 er.
285 2653 374 2684 exped.
394 2652 625 2684 (expectationibus
645 2651 680 2681 H,
699 2651 919 2675 exhortationibus
941 2648 968 2681 I]
989 2658 1045 2681 exp.
1065 2658 1099 2673 cr.
1119 2649 1174 2673 NK
1248 2657 1437 2673 commonemus
1457 2649 1606 2673 NKJIGIA
1682 2648 1829 2672 uniuersali-

180 2699 255 2720 tatem
276 2695 350 2719 HGI
470 2695 501 2719 19
521 2696 568 2719 hoc
587 2695 619 2718 H'
703 2698 730 2718 ut
749 2692 833 2725 quem]
861 2701 941 2724 usque
962 2693 989 2717 Κ
1109 2691 1142 2716 ‘20
1161 2693 1263 2716 noscitis
1280 2692 1308 2715 F
1391 2693 1499 2717 editione
1520 2693 1543 2716 A
1667 2691 1699 2715 ⁵25
1718 2700 1763 2715 nos
1782 2690 1835 2714 EF

232 2742 390 2770 praestamus
410 2739 431 2762 A
557 2737 589 2762 ⁸27
609 2746 663 2762 esse
683 2746 729 2761 om.
750 2737 778 2760 Γ
902 2736 934 2760 29
955 2736 1055 2759 uidetur
1074 2735 1123 2759 EA
1253 2735 1286 2759 30
1303 2735 1414 2767 casibus]
1434 2736 1519 2760 causis
1539 2735 1566 2759 F
1656 2738 1766 2766 tempore
1787 2733 1829 2757 Κι

180 2780 214 2805 3'2
232 2782 362 2805 audatiam
382 2781 424 2804 Ba
495 2780 548 2813 per]
569 2789 612 2813 pro
627 2781 650 2804 Z
751 2779 784 2803 33
803 2780 906 2812 proponi
926 2777 1043 2811 editione}
1064 2778 1161 2810 scripsi,
1180 2779 1349 2810 propositione
1369 2778 1548 2807 BZNJx'2EA,
1567 2778 1761 2810 propositionem
1779 2776 1829 2800 Ix'1.

180 2825 350 2856 propositione
369 2825 471 2856 uulgari
491 2824 522 2854 F,
542 2824 645 2856 proponi
666 2824 688 2846 A

1894 813 1911 834 ⁶)

1849 871 1856 887 l
1860 870 1872 885 0

1894 1020 1910 1045 :3

1851 1129 1872 1145 15·

1851 1386 1875 1404 “20

1849 2077 1859 2094 3
1862 2078 1873 2094 0
