2279 3261
395 275 413 303 [Q

395 1759 413 1787 [ὑ

475 188 515 218 98
1185 180 1396 206 cAsstqu

474 272 513 303 al]
543 283 580 303 co
610 271 678 301 cius
707 268 942 311 propositiones
970 267 1067 297 fuisse
1096 268 1310 307 contemptas.
1357 266 1398 296 Et
1427 265 1503 307 quia
1532 266 1563 295 in
1594 266 1698 296 causis
1728 276 1857 307 semper
1885 268 1934 296 est
1965 268 2117 307 suspecta

475 323 633 365 potentia,
664 321 737 351 dum
767 320 850 350 velle
881 318 1020 349 creditur
1051 317 1135 359 quod
1159 328 1256 359 posse
1282 317 1451 350 iudicatur.
1485 317 1663 347 antefatum
1688 320 1815 347 servata
1838 317 2020 348 reverentia
2044 328 2062 347 a
2085 320 2117 348 te

474 374 690 416 praecipimus
719 370 910 408 ammoneri,
941 372 975 400 ut
999 369 1058 399 sub
1084 369 1257 410 sponsione
1283 369 1428 409 legitima.
1452 369 1643 399 instructam
1666 378 1839 409 personam
1864 368 1904 399 ad
1928 368 2117 399 comitatum

476 428 619 456 nostrum
644 423 783 464 dirigere
808 433 841 452 se
864 421 1041 462 promittat,
1067 421 1121 461 qui
1138 420 1223 461 apud
1242 420 1410 461 delegatos
1428 424 1517 450 motu
1534 423 1643 450 nostro
1661 419 1783 450 iudices
1802 419 1871 450 eius
1888 419 2117 450 intentionibus

445 484 455 501 5
477 476 583 506 valeat
612 475 769 516 praebere
799 483 1006 514 responsum:
1042 476 1130 503 actor
1159 472 1210 503 hie
1242 483 1381 513 poenam
1416 483 1494 503 suae
1527 475 1715 513 recepturus
1747 472 1916 511 audaciae,
1949 474 1975 503 si
2006 475 2118 504 eontra

433 884 456 901 10

432 1145 455 1162 15

436 2229 446 2247 3
449 2230 460 2246 [i

475 527 679 568 magnificum
704 527 805 556 virum
830 525 979 556 habuerit
1002 524 1153 555 falsitatis
1179 528 1340 556 eventum.

1208 635 1382 666 XXXVII.

868 703 1014 734 PETRO
1039 703 1255 734 EPISCOPO
1280 703 1599 734 THEODERICUS
1624 703 1725 735 REX,
1936 732 1965 751 a·
1984 722 2118 761 507l511

578 774 611 804 Si
637 774 667 803 in
692 773 806 803 alicnis
831 772 936 802 causis
961 771 1196 802 beatitudinem
1220 775 1308 802 tuam
1334 772 1483 802 convenit
1509 771 1669 808 adhiberi,
1700 776 1734 803 ut
1758 783 1816 813 per
1840 783 1896 803 vos
1921 772 2118 814 iurgantium

475 826 628 867 strepitus
658 824 881 865 conquiescat,
912 826 1031 865 quanto
1060 824 1163 864 magis
1193 823 1233 854 ad
1264 834 1320 854 vos
1346 823 1465 853 remitti
1490 823 1586 854 debet
1610 823 1695 864 quod
1718 834 1774 854 vos
1801 827 1927 865 spectat
1951 826 2118 854 auctores?

475 881 571 918 atquc
597 876 670 907 idco
695 876 848 906 sanctitas
874 879 982 906 vestra
1005 886 1023 906 a
1049 875 1211 907 Germano
1236 886 1294 907 nos
1319 875 1422 906 aditos
1448 875 1546 906 flebili
1571 876 1765 917 allegatione
1791 879 1976 918 cognoscat,
2007 876 2058 916 qui
2084 886 2118 906 se

474 929 574 960 filium
592 929 770 970 legitimum
793 929 910 959 asserit
935 928 1095 969 quondam
1113 928 1290 962 Thomatis.
1317 928 1429 959 dicens
1454 931 1578 970 partem
1602 928 1766 958 facultatis
1790 928 1890 969 patris
1914 928 1963 958 sui
1987 939 2005 958 a
2029 927 2119 958 vobis

474 980 611 1012 detineri
636 980 767 1011 sibimet
790 980 917 1021 legibus
950 983 1198 1021 competentem.
1250 980 1341 1015 Quae
1371 980 1484 1022 petitio
1516 980 1542 1010 si
1573 980 1709 1010 veritate
1741 979 1872 1010 fulcitur
1904 982 1936 1010 et
1964 979 2119 1021 genitoris

475 1033 543 1064 eius
578 1033 793 1064 substantiam
828 1032 972 1074 probatis
1012 1032 1080 1063 iure
1117 1035 1300 1073 competere
1346 1032 1556 1073 supplicanti,
1599 1030 1802 1061 considerata
1844 1031 1981 1070 iustitia,
2022 1041 2118 1072 quam

475 1085 626 1122 monetis,
664 1085 732 1115 sine
769 1084 1007 1115 observationis
1043 1084 1161 1124 longae
1195 1083 1365 1124 dispendio
1397 1083 1506 1114 debita
1536 1083 1730 1117 tribuantur,
1767 1083 1918 1123 quoniam
1950 1093 2120 1113 causarum

476 1140 656 1167 vestrarum
681 1137 819 1178 qualitas
837 1135 929 1165 vobis
954 1135 1053 1166 debet
1076 1134 1238 1165 iudicibus
1263 1135 1439 1170 terminari,
1464 1145 1482 1165 a
1507 1145 1568 1176 quo
1594 1134 1800 1175 expectanda
1824 1137 1872 1165 est
1897 1134 2000 1175 magis
2025 1144 2121 1175 quam

474 1188 563 1219 vobis
587 1187 780 1229 imponenda
803 1187 936 1218 iustitia.
983 1186 1068 1228 quod
1093 1187 1118 1217 si
1143 1187 1224 1217 hanc
1250 1197 1379 1217 causam
1406 1186 1464 1217 sub
1490 1186 1654 1228 aequitate
1679 1189 1824 1216 vestrum
1848 1186 1978 1216 minime
2008 1185 2120 1216 definit

475 1240 653 1277 arbitrium,
678 1240 832 1271 noveritis
858 1239 1013 1280 supplicis
1039 1238 1205 1279 querelam
1232 1238 1271 1268 ad
1296 1242 1440 1269 nostram
1459 1237 1655 1268 audientiam
1673 1237 1922 1278 perducendam.
1963 1247 2018 1267 vos
2037 1237 2121 1267 enim

476 1291 599 1323 docetis
624 1302 717 1322 voces
742 1302 919 1332 pauperum
944 1301 1007 1320 non
1033 1290 1151 1321 debere
1177 1291 1317 1331 neglegi.
1342 1301 1421 1331 qua-s
1445 1294 1552 1331 potest
1576 1290 1698 1320 iustitia
1723 1290 1878 1320 comitari.

1204 1409 1399 1441 XXXVHL

959 1477 1165 1509 VVANDIL
1191 1477 1511 1508 THEODERIcUs
1535 1477 1638 1509 REX.
2012 1504 2041 1523 a·
2063 1494 2124 1523 ,305

580 1550 734 1585 Quamvis
758 1548 887 1590 pictatis
913 1551 1044 1579 nostrae
1071 1551 1199 1579 constet
1223 1558 1295 1578 csse
1321 1551 1439 1583 votum,
1464 1550 1499 1577 ut
1521 1547 1642 1588 ubique
1668 1547 1784 1583 civilia,
1813 1546 1932 1587 ubique
1958 1545 2124 1576 moderata

475 1605 682 1644 peragantur,
712 1601 852 1632 maxime
878 1604 986 1631 tamen
1011 1603 1160 1641 optamus
1186 1600 1268 1630 bene
1293 1600 1361 1640 geri
1385 1599 1416 1629 in
1441 1598 1626 1639 regionibus
1652 1598 1842 1633 Gallicanis,
1873 1597 1928 1628 ubi
1953 1600 1984 1628 et
2009 1607 2123 1628 recens

477 1654 615 1684 vastatio
640 1664 702 1684 non
728 1656 833 1694 portat
858 1652 1007 1683 iniuriam
1033 1655 1064 1682 et
1088 1652 1159 1693 ipsa
1183 1651 1275 1682 initia
1299 1651 1382 1681 bene
1407 1651 1554 1692 plantare
1579 1650 1699 1681 debent
1723 1650 1824 1680 nostri
1841 1650 1978 1680 nominis
1995 1649 2123 1680 famam.

475 1706 628 1747 principis
646 1704 804 1746 siquidem
828 1704 1012 1746 opinionem
1039 1704 1135 1745 longe
1160 1704 1290 1744 lateque
1316 1702 1505 1733 disseminat
1530 1703 1748 1733 subiectorum
1774 1701 1934 1732 custodita
1959 1701 2124 1738 securitas,

478 1760 509 1788 ct
537 1757 591 1787 ubi
620 1757 783 1787 exercitus
813 1756 969 1797 dirigitur.
1001 1766 1064 1786 non
1094 1755 1265 1796 gravandi,
1299 1754 1355 1785 sed
1381 1754 1576 1785 defendendi
1602 1754 1706 1795 potius
1732 1754 1970 1784 existimentur.
2016 1752 2123 1793 Atque

434 1815 453 1834 22
477 1809 549 1839 idco
574 1808 737 1849 praesenti
762 1808 954 1838 auctoritate
980 1807 1178 1848 delegamus,
1210 1810 1245 1836 ut
1268 1807 1299 1836 in
1324 1806 1495 1841 Aviuione,
1525 1816 1588 1846 qua
1611 1805 1746 1840 resides,
1775 1805 1862 1835 nulla
1885 1805 1952 1835 fieri
1982 1804 2125 1834 violenta

476 1860 619 1901 patiaris.
660 1861 744 1890 vivat
769 1863 879 1890 noster
904 1860 1067 1890 exercitus
1094 1858 1230 1888 civiliter
1255 1868 1326 1887 cum
1344 1857 1513 1887 Romanis:
1538 1857 1641 1898 prosit
1660 1857 1706 1887 eis
1725 1856 1887 1887 destinata
1904 1856 2049 1886 defensio
2067 1866 2124 1886 nec

477 1912 598 1954 aliquid
620 1913 691 1943 illos
716 1924 734 1943 a
758 1912 876 1943 nostris
901 1912 1012 1942 sinatis
1038 1911 1116 1953 pati,
1142 1921 1221 1951 quos
1246 1910 1286 1940 ab
1311 1909 1421 1940 hostili
1446 1909 1576 1939 nitimur
1600 1909 1807 1950 oppressione
1832 1908 1971 1938 liberari.

1196 2029 1407 2060 XXXVIIII.

824 2093 1649 2131 FELKuKRT·CONSULITHEODERKHOE
1674 2096 1777 2127 REX.
2016 2114 2125 2144 &511

581 2170 766 2211 Aequitatis
801 2170 882 2200 ratio
914 2169 1104 2211 persuadet.
1145 2172 1179 2199 ut
1215 2168 1443 2199 exercentibus
1477 2167 1632 2198 laetitiam
1664 2166 1827 2208 publicam
1859 2165 2125 2196 consuetudinem

481 2233 648 2252 servemus
674 2222 853 2263 antiquam.
884 2222 1075 2262 praesertim
1100 2232 1117 2251 a
1143 2221 1273 2251 consule
1298 2220 1497 2253 venientem,
1528 2219 1619 2249 cuius
1645 2221 1771 2249 constat
1796 2229 1868 2249 esse
1893 2217 2062 2259 propositi,
2091 2219 2126 2247 ut

584 2326 605 2349 L
611 2326 631 2349 R
637 2325 890 2356 KPJloanJv'ffv')

583 2393 599 2418 ⁹2
625 2396 780 2418 antefactum
802 2395 847 2418 Po
960 2394 975 2417 3
1000 2394 1130 2418 coniittum
1153 2393 1189 2417 01
1302 2391 1318 2416 4
1344 2393 1471 2424 permittat
1492 2391 1529 2415 „1⁰
1610 2390 1688 2422 motu]
1708 2390 1822 2419 PJIOX,
1849 2390 1946 2413 monitu
1967 2387 2127 2419 XEFIIrU),

482 2441 564 2461 motus
578 2437 702 2468 LRIsslc‘,
722 2438 832 2461 monitus
846 2436 918 2460 illl-¹)
972 2441 1056 2461 uestro
1069 2437 1091 2460 ,Ι
1147 2435 1252 2468 iudices]
1267 2436 1359 2459 iudicio
1370 2435 1418 2459 LI?
1425 2435 1471 2458 Isi-l
1527 2435 1711 2458 intensionibus
1722 2434 1746 2457 P
1831 2433 1846 2457 5
1859 2436 1928 2457 actor
1942 2432 2042 2463 (auctor
2055 2431 2125 2457 Ode)

482 2481 522 2504 hic
546 2488 651 2512 poenam
675 2488 734 2504 suae
759 2485 906 2512 recepturus
931 2479 989 2504 som.
1009 2480 1058 2511 (1¹)
1082 2478 1214 2511 audaciae]
1240 2479 1337 2503 auctori
1362 2487 1469 2511 poenam
1493 2486 1538 2502 sue
1560 2478 1665 2501 audacie
1690 2478 1846 2509 imponentes
1866 2476 1905 2499 Ε2
2010 2474 2026 2498 S
2045 2473 2125 2506 tuam]

481 2527 593 2547 uestram
614 2523 707 2547 ΚῚΕΛ
815 2523 846 2546 10
864 2527 948 2547 nostra
965 2523 985 2546 Ο
1055 2523 1154 2546 auditos
1174 2522 1203 2545 X
1304 2521 1334 2545 ll
1355 2522 1444 2545 asserit
1463 2530 1511 2545 ont.
1529 2524 1549 2544 1)
1655 2519 1686 2544 13
1709 2520 1731 2543 ei
1752 2520 1774 2543 Ii
1845 2517 1874 2550 is]
1899 2519 1946 2542 sibi
1966 2519 1988 2541 Δ1
2063 2516 2125 2549 iure]

482 2566 626 2590 hereditatis
645 2566 698 2589 iure.
711 2566 765 2589 ΕΓ
850 2564 881 2589 14
900 2566 1091 2590 ‹.·bseruationes
1104 2566 1129 2589 P
1216 2565 1247 2590 15
1266 2565 1400 2597 spectanda
1422 2569 1460 2588 est
1479 2564 1544 2589 libri,
1563 2568 1601 2588 est
1619 2564 1757 2596 spectanda
1773 2563 1808 2586 Α10
1900 2561 1930 2586 16
1951 2562 2024 2586 uobis
2043 2570 2090 2585 om.
2104 2561 2126 2584 A

534 2607 629 2639 definit]
656 2608 747 2632 desinit
766 2608 814 2633 L'.
838 2609 917 2632 d-›suit
941 2608 977 2631 lz'l
1099 2607 1130 2631 '21
1158 2612 1255 2632 tantum
1273 2610 1293 2632 4,)
1384 2608 1446 2631 bene
1468 2607 1519 2638 geri
1546 2611 1594 2638 opt.
1616 2607 1652 2630 ΑΘ
1775 2605 1808 2630 22
1833 2604 1897 2637 ipsa]
1923 2606 1948 2629 in
1975 2606 2029 2637 ipsa
2046 2604 2131 2628 JIOX

481 2650 514 2675 ‘23
534 2651 644 2683 opinioni
664 2650 760 2674 JIOE²
837 2651 973 2675 deseminat
995 2651 1026 2677 A]
1051 2652 1181 2675 dissentiat
1200 2651 1240 2674 E¹
1316 2650 1431 2674 custodia
1452 2650 1492 2673 I'a
1603 2648 1635 2673 :³4
1660 2650 1759 2674 delendi
1779 2649 1831 2674 K'.
1855 2649 1955 2673 defendi
1978 2657 2054 2672 causa
2076 2647 2128 2673 Ix'2.

483 2694 632 2719 defendendi
651 2702 729 2718 causa
744 2694 781 2717 ΑΘ
845 2693 1029 2726 existimentur]
1045 2694 1100 2724 LL',
1120 2695 1269 2718 estimentur
1283 2693 1339 2719 PX,
1360 2694 1512 2717 extimentur
1526 2692 1657 2716 Imma]
1667 2697 1684 2722 Γ,
1705 2693 1839 2716 extimetur
1852 2692 1909 2719 EF.
1929 2692 2076 2715 aestimetur
2090 2690 2127 2714 A?

482 2737 515 2761 25
534 2735 663 2768 auinione]
677 2737 811 2760 auionione
823 2737 856 2763 K,
875 2746 902 2761 ea
918 2738 1019 2769 regione
1030 2737 1072 2761 F2
1125 2745 1174 2768 qua
1195 2735 1297 2768 resides]
1310 2736 1419 2762 PXXE,
1438 2745 1486 2768 qua
1501 2736 1589 2767 (quam
1602 2733 1704 2767 Mb[?]‚
1719 2735 1806 2759 residis
1817 2735 1879 2761 Mc).
1898 2743 1973 2765 quam
1992 2734 2085 2758 resides
2096 2734 2128 2759 A.

483 2790 560 2813 quam
579 2781 645 2812 regis
658 2780 735 2804 LRA'
798 2781 895 2804 nnllam
914 2782 929 2804 f.
949 2781 1095 2805 uiolentiam
1109 2781 1156 2804 ΡΑ
1254 2780 1287 2804 ’.26
1307 2781 1360 2803 eius
1376 2780 1404 2803 X
1498 2778 1530 2803 ⁴27
1550 2779 1624 2802 sinati
1647 2778 1686 2802 L¹
1759 2778 1866 2802 liberare
1879 2777 1903 2801 R
2007 2775 2040 2800 ‘29
2059 2784 2127 2800 exer-

483 2825 575 2848 citibus
589 2824 614 2847 P
680 2822 898 2853 consuetudinem]
919 2827 942 2847 et
962 2832 1030 2848 cuns.
1050 2822 1089 2846 pl>
1195 2822 1229 2847 ΞΟ
1247 2823 1378 2853 antiquam
1398 2832 1444 2846 0111.
1461 2822 1500 2845 I1¹¹
