2279 3261
726 174 938 201 CASSIODORI
958 174 1151 201 VARJARVM
1175 176 1193 206 l,
1214 177 1235 201 1.
1253 176 1276 201 2.
1791 179 1822 207 11

174 262 257 293 datis
275 261 533 293 mansuetudinis
557 264 684 292 vestrae
709 262 977 302 gloriosissimam
1003 262 1180 297 caritatem,
1206 273 1300 303 quam
1326 272 1386 303 ego
1413 272 1544 304 sperare
1569 261 1677 295 debui.
1702 263 1827 293 etiamsi

174 314 244 345 aliis
268 324 330 344 non
355 313 519 344 videretur
543 324 640 354 posse
666 313 810 344 concedi.
857 317 966 345 cetera
990 324 1065 344 vero
1089 324 1146 355 per
1171 314 1391 355 praesentium
1417 314 1537 345 latores
1563 314 1676 356 pietati
1701 318 1828 345 vestrae

174 365 272 396 verbo
296 365 502 407 suggerenda
526 366 756 401 commisimus,
788 368 823 396 ut
847 377 907 396 nec
932 366 1120 408 epistularis
1147 377 1253 397 sermo
1278 366 1468 397 redderetur
1492 366 1661 397 extensior
1685 376 1743 396 nee
1769 367 1827 397 ali-

174 416 250 458 quid
275 427 332 459 pro
355 417 553 448 utilitatibus
577 417 696 448 nostris
722 418 982 459 praetermisisse
1007 418 1201 449 videremur.

981 545 1024 576 ΙΙ.

618 615 791 646 THEONI
811 609 855 647 V-
874 607 913 645 s·
932 614 1255 645 Timonnmeus
1281 614 1381 646 nux.
1644 643 1672 663 a·
1692 634 1826 673 namn

276 685 413 717 Comitis
432 685 590 727 Stephani
608 685 829 716 insinuatione
855 684 1072 726 comperimus
1099 694 1209 714 sacrae
1228 685 1326 714 vestis
1351 694 1492 725 operam,
1518 694 1613 725 quam
1638 695 1696 715 nos
1722 685 1825 715 volui-

171 748 241 768 mus
266 737 454 768 necessaria
477 737 685 769 festinatione
711 738 881 780 compleri,
913 737 1059 779 disrupto
1093 738 1195 778 magis
1226 737 1335 768 labore
1365 736 1521 779 pendere:
1557 738 1606 768 cui
1630 748 1721 768 usum
1748 737 1823 768 sub-

170 789 327 820 trahendo
365 789 556 820 sollemnem
591 789 839 820 abominandam
876 790 983 831 potius
1020 790 1139 820 inferre
1172 789 1382 830 cognosceris
1415 788 1610 819 tarditatem.
1666 788 1825 819 credimus

172 842 257 873 enirn
281 841 422 883 aliquem
448 842 638 883 provenisse
663 842 859 882 neglectum,
885 844 920 872 ut
945 845 1001 872 aut
1026 842 1131 872 crines
1157 841 1202 871 illi
1226 841 1333 875 lactei,
1360 851 1477 871 carneo
1502 841 1620 882 poculo
1645 841 1694 871 bis
1712 844 1826 881 terque

172 894 291 932 satiati,
316 893 532 935 pulcherrima
557 893 661 924 minus
687 894 846 925 ebrietate
871 894 1040 924 rubuerint
1064 896 1119 924 aut
1143 894 1237 923 lanae
1255 903 1318 923 nou
1335 892 1504 923 hauserint
1521 892 1676 923 adorandi
1694 892 1825 923 muricis

171 945 440 987 pretiosissimam
457 945 660 986 qualitatem.
698 944 906 987 Quapropter
923 946 949 976 si
966 948 1186 986 perscrutator
1199 944 1396 985 Hydrontini
1414 944 1509 974 maris
1530 944 1638 975 intusa
1655 943 1822 984 conchylia

171 996 372 1028 sollemniter
396 996 593 1027 condidisset
618 1000 692 1038 apto
717 1000 874 1038 tempore,
899 1008 1032 1028 acervus
1051 997 1104 1027 ille
1124 996 1319 1038 Neptunius,
1344 998 1517 1037 generator
1535 996 1679 1026 florentis
1698 1006 1828 1036 semper

170 1059 348 1091 purpurae,
386 1051 517 1079 ornator
548 1048 636 1087 solii,
673 1059 829 1090 aquarum
863 1049 956 1091 eopia
988 1049 1150 1080 resolutus
1183 1047 1319 1078 imbrem
1352 1047 1493 1078 aulicum
1524 1047 1672 1078 flammeo
1702 1047 1824 1088 liquore

170 1101 350 1132 laxaverat.
392 1101 480 1131 color
496 1100 592 1131 nimio
609 1101 722 1142 lepore
740 1111 890 1140 vernans,
916 1101 1097 1131 obscuritas
1121 1100 1251 1137 rubens,
1275 1098 1408 1139 nigredo
1433 1099 1611 1140 sanguinea
1635 1102 1825 1139 regnantem

170 1152 335 1191 discernit,
365 1151 528 1183 dominum
554 1153 765 1194 conspicuum
791 1153 869 1183 facit
893 1156 925 1183 et
949 1155 1096 1194 praestat
1119 1153 1260 1183 humano
1286 1152 1409 1193 generi,
1440 1162 1480 1182 ne
1505 1150 1544 1181 de
1570 1152 1706 1191 aspectu
1735 1150 1821 1191 prin-

170 1204 248 1246 cipis
271 1204 376 1246 possit
400 1205 510 1235 errari.
557 1204 673 1235 Mirum
699 1208 747 1235 est
773 1205 987 1235 substantiam
1012 1204 1099 1235 illam
1124 1207 1227 1235 morte
1254 1204 1433 1234 confectam
1459 1213 1606 1234 cruorem
1631 1201 1670 1233 de
1696 1212 1730 1232 se
1752 1205 1825 1243 post

170 1256 275 1298 spatia
298 1259 362 1287 tam
386 1256 475 1297 longi
498 1257 653 1298 temporis
677 1256 821 1287 exudare
847 1256 932 1298 quod
950 1257 1033 1287 solet
1051 1256 1132 1287 vivis
1150 1255 1339 1297 corporibus
1357 1255 1490 1285 vulnere
1509 1254 1662 1285 sauciatis
1680 1253 1824 1284 effluere.

168 1319 243 1340 nam
267 1319 339 1340 eum
363 1319 424 1340 sex
447 1319 550 1350 paene
575 1309 742 1340 mensibus
766 1309 911 1340 marinae
936 1309 1074 1340 deliciae
1099 1319 1118 1339 a
1142 1308 1229 1338 vitali
1255 1308 1375 1338 fuerint
1392 1307 1504 1347 vigore
1522 1309 1704 1348 separatae,
1730 1316 1824 1346 saga—

169 1361 259 1391 cibus
282 1360 414 1391 naribus
439 1361 591 1392 nesciunt
615 1371 688 1392 esse
714 1361 936 1402 gravissimae,
962 1361 1088 1391 scilicet
1112 1371 1152 1391 ne
1178 1360 1309 1401 sanguis
1334 1359 1388 1390 illc
1413 1359 1530 1389 nobilis
1549 1358 1671 1399 aliquid
1688 1358 1825 1399 spiraret

168 1411 322 1443 horroris.
368 1411 450 1443 haec
480 1422 553 1442 eum
582 1412 703 1443 infecta
735 1413 837 1444 semel
868 1413 1049 1444 substantia
1078 1415 1282 1454 perseverat,
1312 1410 1417 1442 nescit
1445 1414 1519 1441 ante
1551 1410 1697 1441 subtrahi
1729 1420 1823 1451 quam

168 1463 269 1494 vestis
293 1463 399 1505 possit
423 1464 559 1496 absumi.
606 1464 701 1500 Quod
725 1465 751 1495 si
776 1464 1018 1506 conchyliorum
1043 1464 1183 1505 qualitas
1208 1474 1272 1493 non
1300 1466 1454 1499 mutatur,
1485 1463 1510 1493 si
1538 1461 1708 1492 torcularis
1739 1461 1824 1492 illius

168 1526 233 1546 una
256 1515 419 1546 vindemia
443 1519 507 1553 est,
538 1517 633 1558 culpa
658 1517 808 1547 nimirum
833 1516 964 1547 artificis
990 1516 1064 1553 erit,
1096 1516 1146 1546 cui
1175 1526 1209 1546 se
1241 1515 1332 1556 copia
1362 1514 1451 1545 nulla
1482 1513 1653 1544 subtraxit.
1700 1513 1731 1543 in
1762 1513 1824 1543 illis

168 1570 276 1598 autem
294 1567 484 1598 rubicundis
502 1568 646 1599 fontibus
664 1579 736 1599 cum
755 1569 895 1599 albentis
913 1579 1022 1599 eomas
1041 1568 1136 1599 serici
1154 1567 1268 1598 doctus
1293 1566 1479 1597 moderator
1503 1566 1680 1600 intinxerit,
1706 1564 1824 1595 habere

167 1618 268 1650 debet
295 1620 437 1661 corporis
470 1620 677 1662 purissimam
710 1621 911 1657 castitatem,
945 1620 1019 1661 qnia
1050 1619 1161 1649 talium
1194 1629 1300 1649 rerum
1334 1621 1462 1649 secreta
1493 1618 1643 1658 refugere
1676 1617 1826 1647 dicuntur

1847 906 1870 923 1⁴)

1844 1165 1866 1182 15

1844 1424 1868 1442 20

166 1671 339 1702 immunda.
386 1671 478 1702 Haec
512 1672 538 1702 si
571 1672 679 1703 onmia
710 1672 928 1709 constiterint,
963 1671 989 1701 si
1022 1671 1053 1701 in
1090 1671 1179 1701 nulla
1210 1674 1302 1711 parte
1334 1669 1567 1712 praetermissa
1590 1668 1719 1699 videtur
1750 1679 1822 1699 esse
1843 1682 1866 1700 εις.

168 1723 383 1761 sollemnitas,
420 1723 574 1754 miramur
608 1728 663 1755 tua
697 1727 728 1755 te
766 1724 912 1766 pericula
944 1723 1075 1754 minime
1110 1722 1285 1763 cogitasse,
1324 1721 1399 1752 dum
1432 1721 1611 1762 sacrilegus
1642 1721 1682 1751 sit
1713 1724 1823 1751 reatus

166 1775 394 1816 neglegentiae
430 1775 462 1806 in
499 1775 557 1806 tali
591 1779 682 1807 veste
717 1787 865 1818 peecare.
924 1774 998 1816 quid
1035 1775 1120 1805 enim
1156 1777 1257 1815 agunt
1291 1777 1339 1804 tot
1374 1774 1532 1806 artifices.
1570 1775 1617 1803 tot
1651 1775 1822 1802 nautarum

168 1829 334 1865 catervae,
364 1829 412 1858 tot
441 1827 583 1859 familiae
612 1828 827 1859 rusticorum?
874 1831 908 1857 tu
940 1836 1066 1868 quoque
1092 1826 1245 1856 comitiva
1269 1825 1443 1856 subvectus
1469 1825 1566 1857 tantis
1593 1824 1701 1861 iubes,
1733 1827 1823 1854 tanta

270 1939 659 1973 LRKP(D)MOZA·(X)E(F)

271 2009 285 2034 1
305 2013 407 2035 nostrae
424 2010 444 2034 0
524 2019 570 2042 ego
589 2018 636 2034 om.
655 2009 675 2033 Ο
758 2017 859 2041 sperare
879 2008 964 2041 debui]
985 2009 1118 2041 desperare
1137 2016 1187 2032 non
1209 2007 1268 2039 (inc.
1284 2006 1338 2037 Da)
1360 2007 1436 2031 debui
1455 2006 1505 2030 PD
1621 2006 1637 2030 Ξ.)
1656 2006 1706 2030 uid.
1727 2015 1777 2030 non
1798 2006 1826 2030 J<

227 2053 375 2077 uiderentur
394 2053 434 2076 Za
496 2061 577 2085 praes.
597 2052 690 2077 latores
710 2052 853 2084 (portitores
873 2050 920 2083 ΕΠ
939 2052 981 2076 lat.
1002 2060 1081 2083 praes.
1103 2051 1140 2074 ⁴10
1240 2049 1255 2074 3
1275 2050 1355 2074 uerba
1374 2049 1474 2073 PflILV
1539 2058 1585 2074 nec
1602 2048 1645 2081 aL]
1667 2058 1697 2073 nc
1720 2050 1751 2074 al.
1772 2049 1823 2073 lm

166 2095 183 2121 4
201 2095 302 2128 nostris]
322 2097 414 2121 uestris
436 2096 509 2120 K'E
584 2096 732 2120 uiderentur
752 2095 779 2119 K
890 2094 905 2119 6
925 2095 1137 2119 insinsinuatione
1156 2094 1175 2118 O
1253 2092 1430 2125 comperimus]
1452 2093 1621 2125 cognouimus
1640 2092 1667 2116 E
1744 2093 1822 2117 uestis

166 2138 278 2171 operam]
298 2140 376 2164 uestis
396 2148 471 2172 opera
488 2139 522 2170 X,
541 2140 606 2164 uesti
624 2147 717 2171 supera
737 2137 824 2168 ΜΒΝ,
843 2142 913 2162 ueste
933 2146 1025 2170 supera
1045 2138 1093 2168 Za,
1112 2137 1190 2161 uestis
1210 2145 1303 2169 supera
1323 2136 1373 2163 Zb‚
1392 2137 1457 2160 nesti
1476 2144 1594 2168 superam
1614 2135 1723 2166 Drilai),
1743 2137 1822 2160 uestis

166 2184 338 2208 substantiam
351 2182 394 2207 Ε2
454 2191 500 2207 nos
520 2191 567 2207 om,
582 2182 620 2206 Ae
679 2180 817 2213 noluimus]
838 2180 1066 2211 PDMZNbXAo,
1086 2181 1207 2205 uolumus
1227 2179 1445 2204 LRKOX-”tEilr
1546 2179 1560 2203 ’ἶ
1581 2180 1725 2203 necessaria
1744 2180 1780 2203 his
1798 2179 1827 2202 N

226 2227 326 2259 dirupto
343 2224 501 2257 PDMbZN,
523 2226 619 2250 disi-uto
637 2224 657 2249 O
743 2225 784 2249 cui
804 2223 888 2256 usum]
908 2223 1043 2254 LRPDA,
1067 2232 1169 2248 cursum
1192 2223 1349 2254 M02NX1,
1377 2224 1419 2247 cui
1439 2232 1542 2247 cursum
1562 2224 1634 2253 Gar„
1657 2223 1755 2247 cultum
1770 2222 1822 2248 X'l,

166 2273 195 2294 tu
219 2278 280 2294 uero
303 2278 407 2294 cursum
426 2268 458 2300 Ε,
486 2273 514 2293 tu
537 2277 597 2293 uero
624 2269 722 2292 cultum
743 2267 770 2292 F
900 2266 916 2291 S
939 2272 988 2299 pot.
1014 2276 1088 2299 cogn.
1114 2267 1290 2299 (cognosceres
1310 2266 1361 2295 Pa)
1385 2267 1428 2290 ins.
1450 2266 1507 2297 Pl),
1535 2267 1580 2290 iut’.
1604 2270 1653 2298 pot.
1679 2274 1751 2298 cogn.
1772 2266 1825 2289 EF

166 2312 182 2337 9
201 2313 287 2345 aliquo
307 2322 343 2346 pr.
363 2313 481 2345 neglectu
500 2312 527 2336 E
599 2313 638 2336 bis
658 2316 745 2344 terque
764 2320 812 2336 om.
830 2312 850 2335 0
962 2310 994 2335 10
1012 2311 1146 2335 ruuueriut
1165 2309 1241 2342 Pstsl]
1320 2308 1460 2341 hauserint]
1482 2309 1575 2340 E²F²‚
1594 2310 1711 2333 auxerint
1732 2309 1822 2340 reliqui

226 2354 357 2388 adorandi]
368 2355 624 2386 PDMOZNEFAe,
636 2355 758 2380 odorandi
768 2354 799 2385 X,
811 2354 951 2379 adornandi
961 2353 1081 2378 LIt'Iler
1165 2353 1194 2377 11
1211 2354 1350 2386 preciosam
1360 2355 1380 2377 0
1428 2358 1571 2385 persurator
1585 2352 1605 2377 O
1614 2353 1630 2383 ¹,
1644 2357 1786 2385 perscrutor
1799 2352 1822 2375 H

226 2398 319 2432 intusa]
334 2400 432 2424 intrusa
442 2399 489 2431 P¹‚
508 2399 607 2424 inclusa
618 2399 651 2429 D,
670 2399 753 2422 infusa
767 2398 828 2423 Gar.
882 2398 1009 2422 conchilia
1022 2397 1187 2428 PDJIOZN,
1205 2397 1332 2428 conquilia
1343 2396 1399 2425 th',
1419 2396 1523 2420 consilia
1536 2395 1563 2419 J(
1651 2395 1682 2420 1⁵2
1695 2400 1782 2427 apertu
1795 2395 1824 2419 K

226 2447 359 2476 generator
383 2451 431 2467 om.
449 2443 484 2467 0¹
595 2442 627 2467 13
651 2442 735 2466 aulico
754 2441 793 2465 P¹
870 2440 975 2473 liquore]
1003 2441 1085 2465 colore
1105 2441 1145 2465 El
1257 2439 1289 2464 14
1313 2440 1410 2464 laxaret
1431 2439 1512 2464 Foru.
1625 2438 1656 2464 15
1680 2437 1819 2470 dominum]

166 2486 242 2511 deum
261 2485 391 2517 MZNE'1,
412 2485 453 2510 ¹211.
473 2485 612 2515 dominum,
636 2485 669 2509 al.
689 2485 785 2508 divum·
804 2484 845 2508 Ε2
961 2484 992 2509 16
1017 2484 1087 2508 illam
1106 2493 1154 2508 om.
1169 2483 1197 2507 N
1273 2484 1412 2507 consertam
1432 2483 1473 2506 132
1552 2491 1666 2507 cruorem
1686 2482 1820 2505 «alendum

168 2528 198 2553 17
219 2533 269 2554 tam
288 2538 336 2553 om.
355 2528 393 2553 0ι
486 2527 563 2561 quod]
586 2529 629 2560 qui
648 2526 858 2552 Ix'Ull’ZNEAC
959 2525 1116 2559 corporibus]
1137 2527 1292 2551 animalibus
1310 2526 1347 2550 05ι
1443 2525 1572 2558 sauciatis]
1595 2526 1746 2550 sauciussbis
1766 2525 1821 2555 Mu,

166 2573 259 2597 sauciis
284 2573 322 2597 bis
341 2571 448 2603 MbZN,
479 2572 599 2597 sauciatis
623 2572 662 2596 bis
684 2572 712 2601 t),
742 2570 861 2595 sauciatis
887 2571 931 2594 uix
951 2563 983 2594 A·
1116 2569 1148 2594 18
1172 2578 1234 2602 pene
1258 2578 1303 2594 sex
1322 2569 1397 2593 I’JstO
1537 2568 1568 2593 19
1594 2569 1690 2593 scilicet
1712 2577 1758 2592 om.
1779 2567 1819 2591 Ει

166 2614 201 2640 20
219 2616 261 2640 hic
282 2616 335 2640 Cui.
407 2616 504 2639 insecta
524 2615 554 2638 N
620 2617 812 2646 perseuerarent
834 2613 872 2636 Za
942 2611 1034 2645 nescit]
1054 2614 1151 2637 nesciat
1170 2612 1382 2643 MstZaxXI-le
1401 2616 1425 2636 ct
1444 2613 1523 2636 nescit
1544 2612 1622 2636 Foru.
1730 2610 1760 2634 ‘21
1782 2620 1820 2635 as·-

166 2659 232 2683 sumi
246 2658 345 2690 PEF‘,
366 2659 480 2683 consumi
493 2658 517 2682 le
579 2658 762 2682 conchiliorum
775 2655 970 2687 PDMOXXE‚
989 2656 1175 2688 conquiliorum
1190 2656 1238 2680 LI:
1302 2656 1415 2680 torcular
1428 2655 1471 2679 Κ1
1572 2654 1605 2679 92
1624 2654 1693 2679 uind.
1710 2663 1759 2677 una
1775 2653 1819 2676 X&

227 2702 333 2725 nimium
354 2701 383 2725 N
441 2700 497 2733 erit]
517 2705 582 2725 esset
599 2701 619 2725 O
723 2699 757 2725 {23
776 2701 890 2725 albentes
910 2701 933 2724 ,l
994 2701 1106 2725 intixcrit
1124 2702 1145 2724 0
1253 2698 1287 2724 24
1306 2708 1372 2732 corp.
1393 2708 1416 2732 p.
1435 2697 1586 2730 castitatem]
1607 2698 1697 2722 mentis
1716 2706 1738 2729 1¹.
1758 2698 1818 2721 cari-

165 2747 242 2769 tatem
262 2744 300 2768 E¹
407 2743 441 2768 25
459 2745 628 2769 constiterunt
648 2744 781 2768 JIZNXE
856 2752 892 2776 pr.
912 2744 963 2768 uid.
983 2743 1048 2775 esse]
1071 2743 1121 2768 uid.
1143 2752 1178 2775 pr.
1200 2746 1258 2773 (om.
1278 2742 1342 2773 esse)
1361 2745 1390 2773 (Ι,
1412 2751 1447 2774 pr.
1468 2751 1521 2766 esse
1542 2742 1592 2765 uid.
1613 2741 1638 2764 E
1744 2740 1776 2763 2⁶5
1796 2744 1818 2762 te

165 2791 211 2811 tua
224 2786 306 2811 KNE
371 2788 473 2812 minime
492 2797 541 2812 om.
555 2788 600 2811 Ea
698 2787 731 2812 '27
751 2787 907 2820 negligentia
920 2787 953 2818 E,
972 2787 1135 2819 neglegenter
1154 2787 1218 2811 coni.
1235 2786 1353 2811 calasius
1418 2784 1494 2817 enim]
1515 2786 1593 2817 igitur
1608 2784 1635 2808 K
1696 2783 1785 2807 arrives
1800 2785 1820 2806 (Ι

166 2828 199 2854 ‘28
218 2830 349 2854 subiectus
369 2830 393 2853 P

1627 2872 1642 2887 c,
1648 2872 1662 2884 1³.-

1884 948 1902 976 2

1887 1206 1904 1235 :3

1887 1672 1904 1699 5
