2279 3261
918 183 1146 213 PROOEMIVM.
1729 184 1861 213 XXXVII

205 283 333 326 eiusque
360 286 481 314 creatus
508 286 555 314 est
577 292 632 325 per
654 292 740 313 arma
762 280 844 312 filius
868 280 1057 312 Eutharicus
1082 281 1149 313 sine
1172 281 1268 313 dubio
1291 281 1399 313 codem
1423 282 1485 314 fere
1506 286 1645 324 tempore
1667 293 1729 324 quo
1751 283 1860 314 consul

204 343 356 386 processit
378 354 404 375 a.
421 344 483 376 519
499 342 614 374 Iustini
637 341 782 374 secundo.
819 340 904 384 quod
920 341 1061 373 Iustinus
1085 346 1114 373 et
1130 341 1319 373 Eutharicus
1343 342 1393 373 hic
1416 341 1562 373 dicuntur
1578 352 1681 382 paene
1702 343 1860 382 aequaevi,

205 415 392 447 quamquam
416 404 498 435 hunc
521 403 683 446 probabile
704 407 751 434 est
774 402 827 433 illo
850 402 979 444 triginta
1002 402 1122 434 circiter
1145 402 1234 434 annis
1254 402 1403 434 minorem
1426 403 1531 441 fuisse,
1554 402 1665 434 solitae
1680 402 1772 434 huius
1797 403 1859 434 stili

204 465 435 507 exaggerationi
458 469 620 508 acceptum
644 464 819 496 referemus.

312 573 403 607 VIII
429 575 477 606 10.
520 573 637 605 Tuluin
664 583 744 615 quae
771 571 880 614 gessit,
910 571 977 613 ipse
998 582 1052 602 rex
1076 570 1118 602 ait
1141 582 1211 602 eum
1235 571 1369 613 gessisse
1391 575 1539 613 regnante
1561 571 1764 604 Theoderico.
1808 583 1860 603 ex-

202 634 321 677 peditio
338 634 525 673 Sirmiensis,
548 645 628 676 quae
650 633 750 676 prima
773 632 908 675 ponitur,
931 636 978 663 est
1001 632 1073 663 anni
1091 633 1153 664 504
1177 634 1216 672 (v.
1236 631 1275 663 ad
1292 631 1336 671 II,
1353 633 1404 671 40)
1428 636 1458 663 et
1480 632 1636 674 pertinent
1658 632 1698 664 ad
1721 632 1860 672 eandem,

204 700 237 727 ut
259 699 434 727 monstrant
456 695 637 737 pracsertim
660 694 756 726 verba
778 694 873 725 rediit
895 696 1061 724 veteranus
1083 704 1223 734 eyressus
1234 693 1428 732 primaevus,
1453 693 1602 725 victoriae
1625 693 1663 725 de
1680 694 1806 725 Hunnis
1830 698 1861 724 ot

203 756 241 787 de
264 756 475 798 Vulgaribus,
498 767 630 797 quorum
653 755 710 786 hos
734 758 856 785 constat
878 753 978 785 eidem
1002 754 1085 786 bello
1108 754 1297 793 interfuisse,
1320 754 1444 786 illorum
1468 759 1549 786 certe
1572 755 1717 786 novimus
1740 759 1859 797 partem

202 817 234 848 in
258 817 296 849 iis
320 817 498 859 regionibus
523 816 634 859 degere
657 816 706 857 (cf.
724 816 820 847 Zeuss
843 816 893 847 die
908 815 1088 847 Deutschen
1097 826 1132 855 p.
1148 817 1229 855 709).
1274 815 1439 847 Gallicana
1454 827 1532 858 quae
1548 817 1688 858 sequitur
1703 816 1860 859 expeditio

202 884 310 911 eontra
332 879 471 911 Francos
503 883 647 921 suscepta
678 879 751 910 anni
774 883 822 910 est
844 879 916 911 510.
962 878 1127 910 Gallicana
1149 878 1259 917 altera,
1289 890 1351 920 qua
1373 878 1504 910 Francis
1528 883 1560 910 et
1581 877 1860 920 Burgundionibus

202 940 392 972 certantibus
421 941 498 972 fines
522 940 699 972 Gothorum
722 939 839 970 Tuluin
868 951 930 970 non
959 939 1061 971 solum
1091 943 1210 971 tutatus
1239 950 1306 970 esse
1329 939 1456 978 dioitm,
1488 939 1543 970 sed
1566 940 1659 970 etiam
1684 938 1860 981 protulisse,

201 1001 305 1033 evenit
328 1011 354 1032 a.
371 1002 433 1034 523
457 1005 488 1032 et
511 1002 582 1033 524.
628 999 805 1031 Gothorum
829 1011 982 1042 quaenam
1005 999 1037 1030 in
1061 1011 1097 1030 eo
1120 999 1202 1031 bello
1226 1004 1329 1042 partes
1352 999 1481 1039 fuerint,
1505 999 1630 1031 aliunde
1653 1011 1763 1042 parum
1787 1011 1859 1030 con-

201 1066 271 1094 stat.
310 1074 328 1094 a
350 1061 480 1093 Francis
504 1065 534 1093 et
557 1060 671 1092 Gothis
695 1061 867 1092 coniunctis
891 1060 1132 1103 Burgundiones
1157 1061 1197 1092 ad
1214 1061 1435 1094 Veserontiam
1460 1061 1601 1093 devictos
1625 1072 1692 1092 esse
1715 1061 1759 1092 ait
1782 1060 1860 1092 Grc-

200 1123 306 1165 gorius
336 1123 408 1155 hist.
431 1123 542 1154 Franc.
566 1124 594 1161 3,
609 1123 643 1160 6;
673 1126 795 1164 spectat
827 1126 986 1164 praeterea
1016 1121 1057 1153 ad
1087 1133 1155 1154 eam
1187 1121 1416 1164 expeditionem
1447 1121 1641 1164 Gepidarmn
1670 1122 1701 1152 in
1736 1121 1856 1153 Gallias

200 1183 360 1216 custodiae
394 1196 489 1216 causa
521 1184 672 1227 profectio
701 1184 738 1217 V
764 1186 818 1223 10,
853 1184 926 1216 item
960 1183 1118 1226 expeditio
1152 1184 1275 1216 Gallica
1306 1184 1341 1217 V
1365 1186 1415 1216 32.
1438 1185 1488 1216 33.
1540 1183 1687 1226 Procopii
1722 1182 1858 1214 narratio

200 1246 230 1277 b.
247 1245 342 1277 Goth.
366 1248 395 1285 6,
413 1248 452 1278 12
476 1246 629 1277 collocata
651 1245 721 1277 1000
742 1256 805 1276 non
829 1257 886 1276 suo
910 1246 936 1276 si
960 1245 1020 1276 huc
1043 1245 1183 1288 pertinet,
1207 1249 1242 1276 ut
1264 1245 1389 1277 videtur
1404 1245 1564 1287 pertinere,
1587 1244 1766 1276 societatem
1789 1254 1859 1274 cum

200 1306 332 1338 Francis
357 1306 455 1339 Gothi
479 1307 612 1338 inierunt
635 1311 666 1338 et
688 1317 876 1349 quamquam
901 1306 1014 1338 callida
1036 1306 1264 1338 machinatione
1293 1307 1427 1349 proelio,
1457 1317 1519 1348 quo
1541 1305 1782 1347 Burgundiones
1807 1303 1859 1335 de-

199 1368 277 1400 victi
299 1373 385 1407 sunt,
416 1379 479 1400 non
502 1368 721 1407 interfuerunt,
754 1372 842 1410 parte
865 1367 998 1410 praedae
1022 1368 1113 1410 potiti
1144 1372 1229 1406 sunt,
1263 1367 1295 1398 id
1319 1367 1404 1409 quod
1432 1379 1494 1399 non
1519 1367 1600 1398 male
1623 1365 1767 1397 convenit
1789 1376 1858 1396 cum

201 1428 451 1461 Cassiodoranis.

309 1537 401 1571 VHI
425 1538 465 1571 15
489 1541 630 1569 senatum
655 1536 813 1569 collaudat
842 1549 896 1569 rex
924 1537 1139 1576 Athalaricus,
1169 1536 1253 1579 quod
1281 1536 1463 1579 episcopum
1486 1535 1572 1567 urbis
1597 1535 1716 1566 Romae
1740 1533 1856 1565 omisso

197 1610 234 1630 eo
258 1598 296 1630 de
312 1609 373 1641 quo
390 1602 482 1629 antea
497 1597 694 1640 cogitabatur
708 1597 875 1629 candidato
899 1597 1043 1639 elegisset
1058 1609 1149 1639 quem
1165 1596 1376 1628 Theodericus
1399 1595 1655 1627 commendasset.
1690 1595 1856 1637 episcopus

198 1671 216 1691 a
238 1658 432 1691 Theoderico
460 1659 639 1690 nominatus
663 1659 825 1689 etiamtum
850 1659 937 1697 vivo,
972 1658 1172 1689 confirmatus
1202 1662 1272 1700 post
1296 1657 1417 1688 obitum
1440 1657 1520 1695 eius,
1555 1668 1654 1698 neque
1678 1655 1855 1687 Bonifatius

197 1732 265 1752 csse
287 1724 391 1763 potest
413 1724 534 1752 creatus
559 1732 585 1751 a.
601 1721 663 1753 530
686 1731 802 1762 neque,
825 1730 904 1761 quae
928 1719 1034 1761 opinio
1056 1724 1104 1750 est
1126 1718 1259 1751 Useneri
1288 1720 1408 1759 (00111111.
1431 1717 1619 1748 Mommsen.
1642 1729 1671 1759 p.
1690 1717 1770 1755 761),
1803 1715 1855 1747 Ιο-

196 1781 314 1813 hannes
338 1785 459 1812 creatus
483 1792 509 1812 a.
527 1782 598 1820 532,
622 1780 738 1822 quippe
761 1791 894 1822 quorum
918 1784 1061 1811 nentrum
1077 1779 1289 1811 Theodericus
1310 1777 1513 1820 quadriennio
1529 1777 1579 1809 vel
1596 1777 1743 1808 sexennio
1765 1781 1856 1807 antea

198 1848 339 1876 mortuus
357 1842 520 1885 designare
534 1842 680 1885 potuerit,
703 1841 759 1873 sed
775 1841 901 1873 omnino
918 1841 1106 1883 intellegitm·
1121 1840 1211 1872 Felix
1228 1840 1281 1872 IV
1305 1844 1426 1871 creatus
1449 1839 1519 1881 ipso
1543 1850 1579 1869 eo
1602 1849 1692 1876 anno,
1715 1848 1777 1879 quo
1800 1848 1854 1868 rex

199 1905 285 1944 obiit,
308 1908 339 1936 et
361 1903 495 1946 quidem,
518 1907 553 1934 ut
576 1903 619 1934 ait
643 1902 758 1934 diserte
781 1902 859 1934 liber
888 1902 1074 1944 pontificalis
1105 1901 1233 1941 (scilicet
1256 1900 1426 1932 secundum
1450 1900 1605 1942 epitomen
1629 1898 1853 1937 Cononianam,

196 1977 290 2008 quam
313 1965 372 1997 hoc
395 1965 464 1997 1000
487 1965 647 2006 antiquam
670 1964 802 1995 formam
830 1963 1006 1994 servavisse
1029 1961 1256 1994 demonstravit
1278 1961 1478 1992 Duchesnius
1507 1960 1538 1991 in
1568 1959 1663 2002 praef.
1687 1971 1716 2001 p.
1732 1958 1853 1997 LXII),

198 2027 366 2059 ordinatus
388 2037 425 2058 ex
450 2027 533 2057 iusso
560 2025 744 2057 Theoderici
766 2025 855 2064 πρῖε.
902 2035 976 2055 sane
1005 2035 1083 2066 quae
1111 2023 1149 2054 de
1172 2023 1333 2065 utriusque
1357 2022 1464 2054 mortis
1489 2021 1599 2053 diebus
1622 2019 1737 2052 tradita
1759 2019 1852 2050 habe-

195 2099 279 2126 mus,
308 2087 347 2119 ab
376 2087 434 2118 hac
462 2086 597 2129 epistula
619 2085 759 2128 paullum
782 2084 938 2116 recedunt.
980 2085 1098 2116 scilicet
1120 2096 1188 2123 rex,
1212 2083 1381 2115 secundum
1405 2083 1617 2115 testimonium
1640 2081 1700 2113 fide
1723 2080 1851 2122 dignum

195 2148 411 2180 chronicorum
434 2147 616 2179 Italicorum
641 2159 665 2178 c.
682 2148 732 2179 94.
749 2148 799 2186 95,
822 2158 893 2177 cum
916 2150 1026 2188 quarta
1048 2146 1125 2177 feria
1148 2145 1219 2178 VII
1240 2145 1270 2176 k.
1287 2144 1380 2187 Sept„
1404 2144 1436 2175 id
1459 2148 1506 2175 est
1529 2143 1579 2175 die
1602 2144 1684 2184 Aug.
1700 2144 1740 2175 26
1764 2152 1851 2184 prae-

195 2209 343 2251 cepisset,
366 2213 399 2239 ut
422 2208 473 2240 die
496 2207 653 2239 dominico
677 2211 836 2249 sequente,
860 2206 892 2237 id
916 2211 964 2238 est
986 2207 1068 2248 Aug.
1092 2208 1142 2239 30.
1166 2206 1277 2237 Ariani
1301 2205 1483 2237 invaderent
1506 2205 1650 2236 ecclesias
1674 2202 1851 2240 catholicas,

194 2274 268 2313 post
289 2269 468 2301 triduanum
491 2269 635 2300 morbum
657 2280 694 2299 eo
718 2268 787 2310 ipso
811 2267 861 2298 dio
884 2267 1037 2298 extinctus
1061 2271 1115 2298 est.
1160 2271 1267 2298 contra
1290 2266 1470 2309 pontificum
1495 2265 1654 2307 catalogus
1678 2263 1849 2295 Iohannem

193 2331 375 2373 episcopum
404 2330 512 2361 scribit
542 2329 657 2361 obiisse
680 2340 716 2360 eo
739 2340 820 2360 anno
845 2327 894 2359 die
918 2328 989 2361 XV
1012 2328 1041 2359 k.
1064 2327 1134 2358 Iun.
1158 2331 1208 2367 (z
1233 2327 1309 2358 Mai.
1336 2328 1393 2366 18),
1422 2326 1648 2358 Theodericum
1679 2329 1752 2367 post
1779 2334 1849 2354 eum

195 2390 245 2423 die
269 2391 426 2424 XCVIII
450 2393 500 2431 (=
518 2390 600 2431 Aug.
620 2391 684 2429 14);
708 2389 880 2421 cessavisse
903 2389 1117 2431 episcopatum
1142 2399 1196 2430 per
1219 2387 1284 2419 dies
1301 2387 1422 2420 LVIII
1438 2390 1488 2427 (=
1502 2387 1579 2418 Mai.
1598 2388 1636 2418 19
1651 2404 1692 2408 ——
1705 2384 1764 2416 Iul.
1783 2385 1848 2422 15);

194 2452 329 2483 Felicem
353 2451 532 2483 ordinatum
554 2462 622 2482 esse
644 2449 694 2481 die
717 2449 791 2480 IIII
814 2449 855 2480 id.
877 2449 937 2480 Iul.
966 2453 1015 2489 (=
1042 2449 1101 2480 Iul.
1118 2450 1184 2488 12);
1214 2447 1332 2479 sedisse
1355 2459 1424 2480 eum
1449 2459 1474 2479 a.
1495 2447 1568 2478 IIII
1590 2458 1630 2478 m.
1647 2446 1681 2476 II
1705 2445 1734 2476 d.
1750 2444 1849 2481 XIII,

194 2513 227 2545 id
249 2519 297 2546 est
319 2514 358 2546 ab
381 2526 408 2546 a.
425 2515 487 2547 526
511 2513 570 2544 Iul.
590 2515 626 2545 12
651 2512 691 2544 ad
713 2524 739 2543 a.
756 2513 819 2545 530
843 2512 928 2554 Sept.
944 2513 1001 2550 24;
1024 2511 1139 2543 obiisse
1154 2523 1224 2542 eum
1242 2523 1268 2542 a.
1285 2512 1347 2543 530
1362 2510 1412 2541 (110
1428 2509 1501 2540 IIII
1516 2508 1557 2539 id.
1569 2508 1633 2539 Oct
1645 2523 1684 2533 =
1699 2506 1782 2548 Sept.
1796 2507 1833 2537 10
1840 2517 1848 2543 3

194 2575 366 2606 cessavisse
388 2575 603 2617 episcopatum
627 2573 692 2605 dies
716 2573 771 2603 HI
795 2573 891 2615 (Sept.
908 2574 944 2604 25
953 2574 1034 2604 —27
1060 2572 1108 2603 vel
1126 2571 1210 2614 Sept.
1230 2572 1382 2610 11—13);
1404 2569 1598 2601 Bonifatium
1614 2572 1643 2599 et
1659 2568 1847 2599 Dioscorum

195 2646 249 2678 per
275 2635 411 2667 schisma
438 2635 550 2666 electos
577 2645 644 2665 esse
668 2633 777 2665 diebus
801 2633 966 2666 XXVIII
989 2637 1060 2665 ante
1082 2633 1175 2664 huius
1198 2637 1342 2671 mortem,
1371 2643 1450 2673 quae
1472 2630 1586 2662 accidit
1608 2628 1687 2672 prid.
1710 2627 1751 2660 id.
1775 2628 1847 2658 Oct.

194 2696 275 2736 (Oct.
299 2697 359 2736 14),
382 2696 415 2727 id
438 2700 485 2728 est
507 2695 558 2727 die
582 2695 665 2738 Sept.
685 2696 771 2734 17¹);
802 2695 890 2726 illum
914 2694 1033 2726 sedisse
1056 2706 1082 2726 a.
1105 2694 1141 2725 Π
1165 2693 1194 2725 d.
1217 2693 1358 2731 XXVI,
1388 2691 1420 2723 id
1443 2696 1490 2723 est
1512 2691 1552 2723 ab
1575 2702 1601 2722 a.
1618 2692 1679 2723 530
1704 2688 1788 2731 Sept.
1808 2689 1845 2720 18

300 2808 319 2840 ¹)
339 2809 497 2842 Subscriptio
517 2810 596 2842 igitur
614 2809 738 2842 epistulae
757 2809 813 2834 eius
832 2809 929 2840 (Mansi
947 2807 971 2840 8,
990 2806 1040 2833 951
1061 2817 1093 2828 =
1112 2806 1180 2832 Jaffe
1198 2815 1223 2832 n.
1236 2805 1297 2837 881)
1324 2805 1399 2830 VIII
1413 2805 1435 2829 k.
1455 2804 1529 2829 Febr.
1549 2803 1695 2835 Lampadio
1715 2805 1737 2826 ec
1759 2800 1844 2825 Oreste

193 2860 229 2877 vr.
248 2861 281 2877 cc.
302 2861 367 2877 cons.
387 2856 454 2878 recte
473 2853 603 2878 iudicatur
621 2856 739 2885 corrupta
757 2861 819 2877 esse.
1438 2864 1440 2867 ·
