2279 3261
364 1356 379 1384 „l

364 2142 381 2170 [ὑ

400 742 423 759 10

402 1257 425 1275 :20

402 1939 425 1956 30

447 189 504 219 182
1163 182 1375 209 CASSIODORI

446 277 478 304 et
501 273 631 303 humani
657 271 785 311 generis
811 269 972 311 improbos
999 269 1163 309 appetitus
1188 270 1280 310 quasi
1306 270 1433 311 parenti
1462 270 1591 311 publico
1620 271 1751 301 decreta
1780 273 1927 303 custodia
1957 276 2020 309 est.
2050 284 2089 304 ne

444 325 514 365 quis
540 334 573 354 se
598 323 754 364 probrosa
779 321 1009 351 commixtione
1035 320 1203 361 pollueret.
1229 321 1303 351 dum
1329 322 1432 351 vicino
1458 322 1607 361 sanguini
1631 324 1845 354 reverentiam
1862 334 1925 354 non
1946 324 2089 356 haberet.

444 376 586 416 gravitas
604 375 688 405 enim
707 373 837 414 publica
854 372 1070 413 proximitatis
1088 373 1295 403 sanctitatem
1321 376 1352 403 et
1377 373 1614 403 coniunctionis
1638 375 1775 414 gratiam
1800 375 1912 407 habita
1936 377 2089 407 aestima-

443 427 530 456 tione
555 425 718 460 discrevit.
744 425 818 465 quia
842 425 937 464 longe
963 423 1051 454 aliud
1075 423 1214 454 debetur
1237 424 1455 465 proximitatis
1472 427 1607 455 naturae
1627 435 1723 465 quam
1741 427 1899 467 corporali
1917 438 2089 468 possumus

442 477 609 517 indulgere
634 477 795 507 licentiae.
843 479 952 506 contra
976 475 1035 505 hos
1060 475 1189 516 eligeris
1214 475 1328 506 unicus
1357 479 1389 506 et
1417 474 1586 506 continens
1616 476 1795 516 inquisitor,
1824 481 1873 517 ut,
1903 478 1977 509 dum
2008 479 2084 509 talia

443 528 560 570 probra
584 528 800 569 persequeris,
832 528 1040 568 consequaris
1065 528 1241 569 praeconia
1265 528 1433 558 castitatis
1482 527 1718 559 Defunctorum
1743 531 1817 570 quin
1843 531 1941 561 etiam
1965 542 2088 562 sacram

443 580 583 620 quietem
614 579 798 620 aequabilia
827 580 896 609 iura
925 583 999 609 tuae
1030 580 1250 610 conscientiae
1280 580 1525 615 commiserunt.
1558 590 1597 610 ne
1628 581 1699 620 quis
1729 582 1848 612 vestita
1876 584 2089 614 marmoribus

443 632 593 673 sepulcra
616 631 763 663 nudaret.
788 641 827 661 ne
853 631 924 671 quis
950 631 1172 661 columnarum
1197 631 1347 661 decorem
1372 631 1559 672 inreligiosa
1584 633 1769 663 temeritate
1792 638 2024 674 praesumeret,
2049 647 2090 667 ne

443 683 512 725 quis
537 684 661 714 cineres
687 684 809 714 alienos
835 686 889 713 aut
914 683 1151 723 longinquitate
1177 683 1331 723 temporis
1356 686 1411 713 aut
1432 683 1541 713 voraci
1558 683 1687 713 flamma
1705 687 1914 725 consumptos
1932 687 2091 718 scelerata

442 736 698 777 perscrutatione
716 735 895 775 detegeret.
920 745 960 765 ne
979 745 1107 775 corpus.
1127 734 1211 775 quod
1229 735 1330 765 semel
1349 735 1525 775 reliquerat
1542 736 1707 766 molestias
1726 736 1915 773 mundanas.
1933 738 2090 769 humanas

442 787 558 817 iterum
576 790 742 828 pateretur
759 786 901 817 insidias.
940 796 1012 816 nam
1030 785 1091 815 etsi
1110 785 1269 816 cadavera
1287 786 1372 816 furta
1388 796 1452 816 non
1470 787 1624 819 sentiunt.
1649 787 1688 817 ab
1707 788 1792 817 omni
1816 788 1940 829 pietate
1966 790 2090 821 alienus

443 849 515 869 esse
544 838 730 871 dinoscitur.
761 838 813 879 qui
845 837 965 878 aliquid
995 837 1129 868 mortuis
1160 837 1334 878 abrogasse
1364 841 1570 869 monstratur.
1618 839 1691 869 vide
1723 850 1805 880 quae
1837 840 1896 871 tibi
1921 842 2091 873 commissa

441 893 527 920 sunt:
562 890 693 920 castitas
724 890 900 920 viventium
934 893 965 919 ct
998 889 1154 919 securitas
1184 894 1391 920 mortuorum.
1445 889 1558 920 Habes
1590 900 1717 930 quoque
1750 901 1807 931 per
1838 893 2019 932 provincias
2051 893 2091 923 de

442 942 648 983 perpetuario
674 941 742 971 iure
761 940 951 971 tributorum
970 951 1031 970 non
1048 941 1214 971 minimam
1233 941 1458 981 quantitatem.
1499 942 1719 972 canonicarios
1738 942 1859 983 dirigis,
1885 954 2091 984 possessores

413 1000 422 1017 5
443 1003 616 1025 ammones.
641 996 672 1022 et
697 1003 767 1022 cum
793 993 864 1022 aliis
890 992 1047 1023 iudicibus
1072 1003 1134 1023 non
1160 992 1284 1023 modica
1309 993 1378 1023 iura
1402 993 1541 1034 partiris.
1581 993 1701 1023 caduca
1728 993 1812 1024 bona
1835 1005 1899 1025 non
1921 996 1997 1026 sinis
2014 1006 2086 1027 esse

443 1045 600 1075 vacantia.
641 1045 686 1074 ita
710 1044 793 1085 quod
819 1047 991 1085 usurpator
1015 1044 1120 1084 potuit
1144 1043 1306 1079 invadere.
1332 1048 1365 1074 tu
1390 1044 1503 1074 fiscum
1526 1048 1671 1075 nostrum
1688 1044 1765 1075 facis
1782 1046 1874 1077 iustis
1893 1047 2091 1089 compendiis

443 1097 601 1138 optinere.
649 1097 814 1137 proximos
839 1096 1065 1126 defunctorum
1090 1096 1182 1127 nobis
1208 1096 1358 1137 legaliter
1382 1096 1561 1137 anteponis,
1594 1097 1669 1137 quia
1693 1097 1725 1127 in
1751 1097 1811 1127 hoc
1836 1108 1913 1128 casu
1936 1099 2091 1140 principis

443 1158 580 1189 persona
608 1151 679 1188 post
708 1158 820 1178 omncs
850 1151 912 1181 est.
944 1147 999 1178 sed
1028 1147 1102 1178 hinc
1132 1151 1282 1189 optamus
1312 1159 1375 1178 non
1399 1147 1586 1189 adquirere„
1617 1147 1789 1179 dummodo
1814 1150 1878 1180 sint
1902 1151 1954 1191 qui
1979 1151 2093 1182 relicta

443 1199 585 1230 debeant
608 1199 786 1240 possidere.
834 1200 1044 1240 Repositivae
1070 1210 1196 1240 quoque
1229 1200 1402 1241 pecuniae.
1436 1210 1519 1241 quae
1548 1200 1645 1240 longa
1674 1203 1836 1231 vetustate
1867 1204 2090 1243 competentes

445 1251 589 1281 dominos
621 1252 809 1282 amiserunt.
841 1251 1048 1292 inquisitione
1079 1255 1135 1282 tua
1164 1252 1282 1282 nostris
1312 1252 1516 1293 applicantur
1545 1251 1694 1287 aerariis.
1726 1255 1760 1282 ut
1788 1253 1841 1293 qui
1871 1264 1929 1284 sua
1960 1258 2092 1285 cunctos

444 1304 584 1344 patimur
609 1303 786 1345 possidere.
811 1303 918 1334 aliena
942 1303 1034 1334 nobis
1059 1303 1200 1333 debeant
1225 1303 1366 1334 libenter
1390 1304 1518 1334 offerre.
1558 1303 1626 1333 sine
1650 1303 1766 1334 damno
1785 1304 1943 1345 siquidem
1961 1305 2093 1336 inventa

443 1355 561 1396 perdit.
593 1355 645 1396 qui
669 1355 800 1397 propria
825 1365 887 1385 non
912 1355 1039 1385 amittit.
1086 1355 1244 1386 Proinde.
1278 1355 1363 1396 quod
1389 1355 1540 1385 felicibus
1565 1355 1745 1396 applicetur
1769 1357 1935 1397 auspiciis,
1964 1368 2021 1398 per
2044 1358 2091 1388 in—

444 1406 616 1437 dictionem
649 1407 736 1437 illam
768 1407 938 1437 comitivae
973 1407 1170 1447 privatarum
1204 1410 1235 1437 te
1270 1406 1391 1437 honore
1425 1406 1632 1437 decoramus.
1669 1417 1764 1447 quam
1795 1407 1885 1447 leges
1919 1408 2092 1449 praefectis

445 1468 571 1499 quoque
601 1469 712 1500 parem
742 1469 814 1488 esse
839 1458 1069 1488 decreverunt:
1105 1460 1155 1488 est
1180 1457 1265 1487 enim
1291 1461 1323 1488 et
1347 1458 1418 1498 ipsa.
1443 1458 1549 1488 aulica
1574 1461 1720 1499 potestas
1745 1459 1866 1499 palatio
1892 1463 1999 1490 nostro
2024 1460 2093 1490 iure

401 1515 417 1533 ’ἐι
445 1509 632 1547 reverenda.
657 1520 751 1551 qua-m
777 1513 810 1540 tu
835 1510 933 1540 facies
957 1510 1041 1540 ultra
1064 1509 1217 1539 terminos
1241 1519 1316 1539 suos
1335 1519 1492 1542 crescere.
1518 1510 1544 1539 si
1563 1513 1748 1550 susceptam
1767 1510 1971 1541 continenter
1987 1512 2093 1552 egeris

446 1561 647 1601 dignitatem.

1217 1690 1330 1722 VIIII.

868 1758 1086 1791 FORMULA
1112 1760 1362 1792 COMITIVAE
1388 1760 1668 1791 PATRIMONII.

547 1828 709 1869 Antiquae
735 1827 978 1858 consuetudinis
1003 1829 1083 1859 ratio
1108 1829 1282 1870 persuadet
1314 1830 1432 1860 chartis
1465 1830 1583 1860 uostris
1614 1829 1684 1859 illos
1716 1829 1877 1866 imbuere.
1912 1828 1965 1869 qui
1995 1828 2092 1868 longe

444 1881 542 1922 positi
573 1881 780 1911 transmissas
809 1881 973 1922 accipiunt
1002 1881 1189 1922 dignitates.
1222 1885 1256 1912 ut
1285 1892 1365 1923 quos
1396 1893 1459 1912 non
1490 1885 1674 1923 poteramus
1704 1883 1892 1922 praesentes
1922 1880 2093 1916 instruere,

445 1933 540 1963 lectio
570 1932 745 1974 probabilis
775 1936 1002 1963 commoneret.
1051 1932 1108 1963 sed
1138 1936 1182 1968 te.
1215 1944 1311 1974 quem
1344 1933 1383 1964 ad
1415 1933 1599 1974 patrimonii
1630 1932 1731 1963 nostri
1761 1942 1855 1962 curas
1884 1931 2004 1972 regalis
2036 1931 2092 1961 de-

444 1985 569 2014 floravit
595 1984 720 2016 electio.
746 1995 809 2014 non
835 1984 1005 2015 destinatis
1031 1985 1317 2026 praeceptionibus
1342 1986 1533 2016 instruimus
1557 1995 1651 2025 quam
1670 1995 1730 2014 usu
1749 1983 1975 2014 serenissimae
1993 1983 2093 2013 collo-

446 2036 583 2065 cutionis
609 2035 782 2066 erudimus.
830 2035 1108 2067 confabulationes
1139 2036 1298 2077 siquidem
1326 2040 1454 2068 nostrae
1485 2040 1579 2068 erunt
1607 2036 1664 2066 tibi
1695 2036 1910 2066 instrumenta
1940 2035 2093 2072 iustitiae,

444 2088 571 2129 quando
598 2088 674 2118 illud
701 2092 826 2129 gratum
851 2089 944 2119 nobis
970 2100 1042 2119 esse
1067 2090 1286 2130 perspexeris.
1313 2089 1397 2131 quod
1422 2093 1453 2120 et
1470 2089 1585 2119 divinis
1604 2091 1712 2129 potest
1730 2087 1903 2117 convenire
1921 2085 2093 2116 mandatis.

445 2140 676 2170 Patrimonium
703 2140 859 2181 siquidem
886 2144 1030 2171 nostrum
1056 2151 1111 2182 pro
1138 2141 1348 2172 sublevandis
1373 2142 1570 2183 privatorum
1594 2139 1731 2170 fortunis
1756 2138 1816 2169 tibi
1833 2137 2005 2173 credimus,
2030 2147 2093 2167 non

416 2199 424 2215 ²·
444 2192 640 2232 premendis.
687 2202 758 2221 nam
785 2192 808 2221 si
836 2192 1077 2233 tranquillitatis
1102 2196 1232 2224 nostrae
1258 2194 1339 2224 velis
1365 2192 1571 2223 considerare
1597 2191 1764 2224 rationem.
1798 2189 1958 2231 quoddam
1982 2189 2092 2229 regiae

444 2242 557 2273 domus
587 2243 713 2273 famulis
743 2243 974 2284 praeiudicium
1006 2244 1195 2275 humilitatis
1226 2245 1375 2286 imponis.
1422 2244 1569 2285 proprias
1600 2243 1718 2284 quippe
1744 2242 1901 2272 utilitates
1926 2240 2091 2282 improbus

444 2294 592 2324 dominus
617 2305 744 2335 quoquo
770 2294 863 2324 modo
888 2295 1000 2325 nititur
1024 2295 1204 2326 vindicare:
1230 2299 1373 2327 ceterum
1398 2296 1451 2336 qui
1475 2295 1580 2326 bonae
1602 2294 1707 2324 famae
1726 2293 1856 2324 studere
1875 2293 2092 2333 cognoscitur.

550 2431 800 2463 LRKP(T[{)E(F›

548 2517 559 2541 1
582 2519 724 2550 *appetitus
746 2518 781 2541 11³¹
901 2519 916 2543 2
940 2520 1066 2551 sanguine
1086 2519 1151 2543 ΡΑΥ
1239 2520 1380 2544 reuentiam
1400 2519 1439 2543 L¹
1556 2518 1572 2544 4
1591 2519 1744 2551 proximitati
1764 2517 1815 2541 ΚΑ
1898 2517 2024 2549 possimus
2043 2516 2095 2540 PF

443 2562 459 2585 ε’)
478 2562 584 2593 elegeris
601 2561 623 2584 l«)
677 2559 712 2592 nt]
733 2565 757 2585 ct
772 2561 824 2585 EF
907 2562 922 2585 ‘i
942 2564 1100 2594 persequeris
1119 2572 1166 2587 0111.
1183 2563 1207 2587 ζ’
1262 2564 1425 2595 consequaris
1444 2571 1491 2587 0⁷11.
1508 2562 1531 2586 T
1620 2561 1633 2585 ’ἶ
1654 2560 1720 2593 iura}
1740 2561 1755 2584 i.
1776 2561 1802 2584 in
1816 2559 1968 2584 PTZ7A¹('¹)
2026 2568 2092 2584 mur-

443 2605 555 2628 moribus
570 2604 609 2627 R¹
715 2604 729 2627 5>
749 2604 845 2628 cineres
858 2604 881 2628 L
952 2607 1033 2630 norati
1048 2606 1076 2629 J(
1180 2606 1209 2630 11
1231 2605 1286 2639 etsi]
1310 2611 1334 2631 et
1348 2607 1397 2633 Est,
1421 2607 1441 2630 si
1460 2606 1509 2629 TU
1613 2604 1644 2629 1‘2
1668 2605 1720 2629 abr.
1746 2602 1860 2635 incusum]
1886 2603 2026 2635 abrogatur
2044 2602 2095 2626 TI*

444 2646 474 2671 13
493 2651 517 2671 et
536 2656 583 2671 om.
602 2647 648 2670 TI*
741 2646 771 2671 14
791 2652 911 2679 perpetuo
926 2649 949 2671 ll
1045 2649 1076 2673 1ss
1096 2650 1228 2681 usurpatio
1242 2650 1279 2673 ΑΒ
1378 2648 1407 2673 17
1427 2658 1510 2673 (Ἢωιι
1524 2648 1565 2672 13¹
1658 2647 1689 2671 19
1709 2647 1862 2679 dep-»sitiuae
1877 2647 1914 2670 Ae
2002 2645 2036 2669 20
2055 2645 2091 2677 ut]

443 2694 466 2713 et
485 2690 533 2713 EF
600 2699 646 2714 sna
665 2694 786 2714 :it-unctos
800 2690 840 2713 B²
945 2690 978 2714 22
997 2689 1086 2722 perdit]
1108 2692 1188 2723 prodit
1202 2691 1256 2715 EF
1322 2691 1427 2721 amittit]
1448 2691 1529 2723 perdit
1543 2690 1575 2720 B,
1600 2690 1689 2722 perditi
1706 2688 1734 2719 Γ,
1754 2689 1905 2712 ammittitur
1923 2688 1946 2711 T
2011 2688 2092 2720 appli-

444 2732 523 2764 cetur]
543 2733 696 2765 approbetur
714 2733 744 2762 P,
770 2733 926 2764 approbatur
940 2734 988 2759 ΑΥ,
1014 2742 1063 2757 non
1083 2734 1225 2765 applicetur
1241 2733 1270 2758 Γ.
1295 2734 1445 2766 amplicctur
1463 2733 1486 2757 Τ
1582 2731 1615 2756 24
1634 2732 1712 2756 aulita
1730 2732 1758 2755 F
1850 2730 1883 2754 29
1903 2731 2034 2754 instituere
2052 2730 2092 2753 13¹

443 2774 473 2799 31
500 2774 558 2807 non]
585 2784 636 2799 non
660 2780 712 2799 tam
733 2775 779 2799 ΡΑ
868 2775 954 2807 quaml
980 2785 1055 2807 quem
1076 2776 1156 2800 ΗΕΓ
1240 2778 1414 2801 scnerissimae
1434 2776 1458 2800 P
1578 2775 1610 2800 33
1634 2776 1792 2807 prospexeris
1812 2774 1839 2798 F
1952 2772 1985 2797 34
2009 2774 2091 2797 suble-

443 2818 542 2849 nandis]
563 2819 691 2842 snluandis
713 2818 781 2842 E²F
848 2820 998 2843 credidimus
1019 2820 1056 2843 ΑΒ
1162 2819 1195 2844 315
1216 2819 1354 2851 improbus]
1375 2821 1399 2843 in
1419 2820 1512 2851 quibus
1532 2817 1676 2848 PaT(no11
1696 2818 1727 2842 Γ)
