2279 3261
363 432 381 460 2

446 192 486 220 52
1163 181 1376 208 CASSIODORI

444 274 632 315 adquiritur.
678 281 771 303 omne
801 270 926 300 facinus
952 271 1098 299 auctores
1127 268 1213 299 solos
1242 268 1436 309 insequitur:
1474 278 1562 298 error
1590 268 1701 299 matris
1731 269 1845 299 transit
1875 268 1915 299 ad
1942 269 2025 300 filios
2057 272 2089 299 et

444 336 526 356 novo
558 323 754 355 infelicitatis
788 324 907 352 eventu
939 320 974 351 fit
1007 320 1148 351 dedecus
1183 320 1347 361 proprium
1380 319 1485 350 scelus
1515 320 1668 350 alienum.
1718 319 1790 350 ideo
1821 320 1906 350 enim
1937 321 2007 351 iura
2038 321 2090 351 vel

444 377 552 408 divina
575 376 627 406 vel
652 374 782 416 publiea
805 383 926 404 nexum
951 371 1093 412 coniugii
1121 374 1214 402 tanta
1243 371 1370 402 cautela
1400 371 1603 412 praecipiunt
1634 371 1801 407 custodiri,
1832 375 1868 402 ut
1897 372 2018 403 crimen
2049 372 2089 402 sit

441 438 593 469 magnum
623 425 843 457 conscientiae
873 425 997 455 alienos
1030 423 1166 454 affectus
1196 424 1229 454 in
1260 423 1475 454 reverentiam
1499 433 1563 453 non
1587 422 1720 454 habere.
1765 422 1907 453 Basilius
1932 423 2089 464 siquidem

413 488 424 505 ⁵
444 480 491 510 vir
516 477 704 520 spectabilis
729 476 812 507 datis
837 476 986 518 precibus
1010 475 1169 506 intimavit
1185 475 1362 516 Agapitam
1387 474 1558 515 coniugem
1583 484 1674 504 suam
1699 473 1738 504 de
1762 475 1899 515 propriis
1916 475 2089 516 penatibus

443 542 462 562 a
486 529 679 572 quibusdam
704 529 781 559 vitio
808 527 1044 559 sollicitationis
1074 527 1264 565 abductam,
1295 526 1370 556 dum
1400 536 1498 556 sexus
1526 525 1580 556 ille
1609 525 1767 556 femineus
1796 526 1836 556 ad
1864 526 2089 556 mutabilitatis

443 582 521 612 vitia
537 584 639 623 patet:
666 580 750 622 quod
768 580 865 611 etiam
885 579 995 610 oblata
1019 579 1112 609 nobis
1138 589 1236 620 supra
1259 580 1457 608 memoratae
1482 577 1628 618 coniugis
1654 587 1731 608 suae
1756 577 1913 618 petitione
1937 577 2088 608 firmavit:

443 634 588 665 adiciens
614 645 695 671 eam,
720 644 792 664 cum
817 633 849 664 in
874 635 1102 663 sacrosanctae
1126 631 1286 662 ecclesiae
1309 634 1422 672 saepta
1438 629 1621 670 refugisset,
1645 629 1816 669 ignorante
1833 629 1947 660 marito
1965 630 2090 670 magni-

443 686 546 716 tudini
579 689 652 716 tuae
685 695 794 715 casam
824 684 1047 715 Areinatinam
1081 683 1204 713 ratione
1239 683 1423 723 postposita
1457 680 1644 712 contulisse.
1693 680 1778 711 unde
1811 691 1896 711 nune
1930 681 2090 722 resipiens

401 744 425 762 10
444 737 592 779 deplorat
623 738 784 778 ingestam
818 736 946 767 sibimet
978 735 1203 776 gravissimam
1237 733 1435 771 nuditatem,
1471 733 1592 763 factum
1628 742 1720 762 suum
1755 732 1827 773 ipsa
1862 732 2090 771 condemnans,

444 789 563 830 quippe
587 792 622 818 ut
646 799 770 830 pauper
794 788 898 826 diviti,
929 790 1018 818 casto
1041 786 1178 825 lubrica,
1210 785 1362 827 prudenti
1387 785 1454 815 viro
1479 784 1615 815 donaret
1638 783 1806 825 insipiens.
1852 784 1946 815 Nunc
1971 784 2091 815 abicite

443 841 543 879 lucra,
568 850 650 881 quae
674 840 847 870 honestam
871 849 935 869 non
960 838 1109 869 videntur
1133 836 1360 868 commendare
1386 847 1570 878 personam,
1596 836 1669 876 quia
1692 835 1770 866 illud
1794 846 1849 866 vos
1873 836 1980 877 potius
1997 836 2092 867 decet

446 892 627 933 adquirere,
653 891 737 932 quod
756 894 787 921 et
803 891 923 921 famam
941 893 1080 920 vestram
1098 889 1202 930 possit
1220 899 1350 929 augere.
1389 888 1462 919 hine
1481 888 1577 919 etiam
1594 888 1684 929 prius
1702 891 1876 929 praecepta
1900 887 2092 918 dederamus

445 947 476 974 et
508 953 591 973 nune
622 943 739 973 iterata
768 942 912 973 iussione
945 942 1136 983 repetimusq
1172 944 1208 971 ut
1238 951 1336 981 supra
1367 940 1518 981 scriptam
1551 950 1617 969 rem
1651 939 1719 969 siue
1752 939 1860 980 aliqua
1891 939 2092 970 dubitatione

402 1003 425 1020 15
446 995 596 1026 reddatis.
647 994 800 1024 alienatio
831 994 916 1024 enim
948 1003 1053 1023 rerum
1084 992 1221 1023 solidum
1253 991 1417 1022 desiderat
1446 991 1568 1022 habere
1599 990 1769 1027 iudicium,
1803 994 1835 1021 et
1865 994 1952 1021 certe
1982 992 2013 1021 in
2044 992 2093 1022 his

445 1050 574 1078 versata
598 1046 711 1084 rebus,
744 1046 869 1076 firmum
893 1045 1025 1076 docetur
1048 1045 1227 1086 perdidisse
1252 1044 1431 1074 eonsilium.
1478 1042 1555 1084 quid
1579 1043 1663 1073 enim
1687 1042 1795 1073 facere
1818 1043 1923 1083 potuit
1946 1043 2092 1084 probum,

444 1110 526 1141 quae
551 1098 648 1129 nullis
675 1098 776 1139 culpis
801 1097 987 1128 extantibus
1012 1096 1143 1138 reliquit
1166 1096 1338 1127 maritum?

1235 1224 1311 1255 XII.

644 1296 799 1327 OOMITI
826 1293 1248 1330 SILIQUATARIORUM
1272 1293 1328 1323 ET
1354 1292 1502 1323 OURAS
1526 1291 1701 1322 PORTUS
1727 1291 1897 1323 AGENTI

1048 1344 1369 1376 Tfluonnffleus
1394 1344 1495 1375 REX.
1912 1371 1941 1391 a·
1960 1360 2095 1394 507s511

371 1422 380 1449 l
404 1425 429 1443 20
552 1418 587 1449 Si
612 1417 783 1449 desideriis
808 1417 927 1448 nostris
953 1415 1147 1447 commercia
1171 1414 1345 1456 peregrina
1368 1413 1577 1448 famulantur,
1606 1413 1632 1443 si
1657 1412 1783 1454 prolato
1812 1423 1889 1443 auro
1918 1412 2096 1454 adquiritur

367 1627 385 1655 [Φ

447 1473 583 1501 externa
607 1469 745 1507 devotio,
772 1472 891 1510 quanto
916 1468 1020 1508 magis
1046 1467 1112 1497 suis
1136 1466 1231 1496 bouis
1256 1465 1423 1496 abundare
1447 1465 1546 1495 debet
1564 1464 1669 1500 Italia,
1695 1474 1765 1494 eum
1790 1464 1878 1494 nulla
1901 1464 1932 1494 in
1952 1464 2095 1505 parendo

447 1521 603 1563 probetur
627 1522 747 1552 sentire
773 1520 991 1552 detrimenta?
1037 1523 1069 1551 et
1093 1519 1166 1550 ideo
1193 1518 1334 1560 speeiem
1359 1517 1450 1548 laridi
1476 1517 1660 1548 nullatenus
1686 1516 1834 1547 iubemus
1860 1516 1899 1546 ad
1925 1517 2097 1558 peregrina

447 1574 631 1609 transmitti,
656 1573 761 1604 sedin
779 1583 856 1603 usus
881 1575 1008 1602 nostros
1033 1571 1172 1612 propitia
1196 1570 1363 1601 divinitate
1388 1572 1544 1604 servetur,
1569 1579 1619 1604 ne,
1645 1567 1730 1609 quod
1754 1568 1785 1598 in
1809 1568 1926 1598 nostris
1951 1568 2096 1610 partibus

448 1625 625 1660 conficitur,
651 1625 750 1655 noxia
774 1624 984 1665 neglegentia
1009 1623 1124 1654 deesse
1142 1622 1300 1654 videatur.
1341 1621 1462 1652 Cavete.
1488 1621 1606 1662 itaque,
1637 1631 1675 1650 ne
1700 1620 1803 1661 culpis
1828 1620 1972 1661 quamvis
1997 1631 2097 1661 parva

406 1683 430 1702 ‘2⁵
450 1677 645 1718 praebeatur
663 1676 804 1715 occasio,
830 1676 971 1706 scientes
988 1674 1168 1716 periculum
1190 1673 1415 1715 gravissimum
1433 1674 1512 1707 fore„
1538 1672 1564 1703 si
1583 1671 1741 1702 studeatis
1759 1671 1810 1701 vel
1828 1671 1944 1702 leviter
1962 1672 1991 1702 in
2009 1672 2098 1702 iussa

449 1729 658 1759 committere.
709 1729 741 1758 iu
771 1728 925 1769 qualitate
958 1730 1020 1763 est,
1052 1737 1114 1757 uon
1146 1726 1177 1756 in
1206 1725 1386 1766 quantitate
1417 1728 1599 1766 peecatum:
1631 1733 1815 1754 mensuram
1847 1723 2003 1764 siquidem
2035 1735 2097 1754 non

449 1781 575 1821 quaerit
600 1781 725 1812 iniuria.
774 1780 956 1821 imperium,
982 1779 1007 1809 si
1033 1779 1065 1808 in
1089 1788 1189 1819 parvo
1215 1777 1441 1811 eontenmitur,
1466 1777 1497 1806 iu
1522 1775 1606 1805 omni
1631 1778 1722 1816 parte
1748 1774 1897 1806 violatur.

1227 1914 1323 1945 XIII.

818 1984 1089 2016 FRUMARITH
1114 1982 1267 2015 SAIONI
1290 1981 1611 2014 THEODERICUS
1636 1981 1737 2012 REX.
1918 2008 1946 2028 a·
1965 1997 2100 2038 507s511

555 2054 804 2085 Commovemur
828 2054 957 2096 quidem
981 2053 1112 2095 pietatis
1142 2052 1247 2083 studio
1277 2052 1411 2093 querela
1440 2051 1638 2092 supplicum,
1671 2049 1727 2081 sed
1759 2059 1797 2080 ea
1828 2050 1985 2086 maxime,
2017 2060 2100 2090 quae

411 2113 434 2130 1³0
453 2109 601 2137 versatur
630 2106 662 2136 iu
692 2106 870 2148 dispendiis
902 2107 1127 2143 innocentum,
1163 2108 1199 2134 ut
1230 2103 1346 2144 quibus
1378 2114 1442 2133 non
1474 2103 1605 2133 fuerunt
1638 2102 1670 2133 in
1705 2100 1865 2142 exigendo
1899 2101 2100 2142 compendia,

452 2168 583 2198 gravem
621 2158 758 2189 subeant
793 2159 824 2188 in
860 2157 1025 2189 reddendo
1056 2157 1224 2187 iacturam.
1278 2155 1362 2197 quod
1394 2155 1495 2185 nostri
1526 2154 1682 2196 temporis
1713 2152 1920 2186 manifestum
1954 2155 2004 2183 est
2036 2163 2099 2183 non

555 2277 840 2310 LRKPfflmloM'X)
845 2277 916 2309 E(F)

556 2355 569 2379 1
589 2354 664 2387 solos]
684 2364 743 2380 suos
757 2355 875 2380 ΚΟΕΓ2
931 2353 1007 2386 error]
1027 2355 1116 2378 horror
1130 2354 1150 2378 0
1236 2352 1252 2378 Ξ
1271 2353 1337 2378 euim
1353 2361 1400 2376 om.
1416 2351 1579 2376 MONXEF
1662 2349 1679 2375 4
1697 2348 1803 2382 alienos]
1823 2350 1902 2374 almos
1916 2349 1976 2373 0E²
2030 2358 2100 2374 reue-

452 2399 533 2423 rentia
548 2397 578 2422 K
685 2398 700 2422 ἶ)
719 2399 844 2430 agapitem
859 2398 911 2421 XI?
1020 2397 1035 2421 6
1055 2397 1298 2428 sol{sollicitacionis
1312 2395 1344 2421 N,
1368 2395 1546 2419 sollicitudinis
1560 2394 1583 2418 R
1692 2393 1706 2417 7
1730 2397 1867 2417 memorata
1883 2392 1905 2416 I?
1975 2393 2062 2424 petitio
2076 2393 2097 2416 A

452 2441 468 2465 9
487 2450 588 2466 causam
602 2441 710 2472 amm,
734 2450 808 2465 casa<v
826 2441 856 2464 Jl
934 2439 1112 2471 areinatinam]
1132 2438 1325 2468 LItKPDJlX,
1344 2439 1505 2462 arciuatieam
1520 2438 1590 2469 0¹E,
1608 2437 1780 2462 arcinatieiam
1794 2437 1827 2462 A.
1844 2436 2020 2460 areciretinam
2036 2438 2099 2460 Gar.

504 2484 634 2518 resipiens]
651 2485 793 2510 L‘IUIE'.
811 2485 948 2516 respiciens
966 2484 1047 2509 0321.
1066 2485 1214 2516 resipiscens
1227 2482 1406 2507 LvOEUsPDX
1415 2482 1465 2506 ²13²
1554 2481 1586 2505 10
1604 2481 1744 2505 nuditatem
1759 2488 1806 2503 om.
1817 2477 1862 2503 K¹
1952 2478 1982 2502 11
1996 2479 2100 2503 donare-

453 2532 494 2552 tur
507 2528 533 2551 E
613 2527 645 2552 12
659 2529 789 2552 hones-tam
803 2528 920 2557 tlioncsta
931 2527 981 2552 ΗΕ)
995 2537 1046 2551 nou
1060 2528 1179 2552 uidentur
1193 2527 1254 2551 (uid.
1269 2535 1319 2551 non
1332 2526 1364 2551 P)
1379 2534 1399 2550 e.
1414 2523 1556 2558 pcrsrmam]
1572 2524 1667 2548 RPEA
1678 2524 1829 2553 coniectura,
1848 2522 1954 2546 honesta
1967 2530 2017 2546 nou
2030 2523 2100 2547 uidc-

453 2576 494 2596 tur
512 2580 532 2595 c.
550 2580 657 2603 persona
669 2570 831 2595 LDJwNX
917 2570 948 2594 13
962 2574 1073 2594 nostram
1084 2570 1108 2594 A
1162 2569 1247 2601 etiam]
1269 2574 1291 2593 et
1304 2569 1328 2593 P
1414 2567 1445 2593 14
1463 2566 1608 2600 repetimus]
1623 2567 1793 2599 praecipimus
1804 2565 1828 2588 R
1880 2573 1956 2596 supra
1970 2564 2099 2597 scriptam]

452 2622 530 2646 supra
548 2614 638 2638 dictam
649 2613 700 2638 Pl)
788 2613 820 2638 15
839 2614 921 2637 alieno
936 2613 955 2637 O
964 2613 972 2628 ¹
1020 2613 1078 2637 hab.
1093 2613 1144 2637 des.
1154 2612 1178 2636 R
1266 2612 1298 2637 16
1317 2612 1427 2644 pei-disse
1438 2611 1466 2635 K
1516 2611 1582 2643 quod
1595 2609 1655 2633 MX
1704 2612 1754 2641 pot.
1768 2609 1815 2632 sae.
1827 2607 1892 2632 PAr
1945 2608 2064 2640 probrum
2076 2608 2106 2631 N

452 2656 487 2681 ‘20
499 2657 649 2681 fabulantur
659 2656 684 2680 E
691 2660 703 2673 ²
752 2665 813 2680 auro
827 2665 874 2680 om.
885 2656 906 2680 Ο
993 2655 1025 2679 21
1044 2660 1131 2679 eterna
1142 2655 1168 2679 E
1252 2654 1286 2679 22
1299 2658 1361 2679 sent.
1377 2655 1445 2687 prob.
1457 2653 1477 2678 O
1524 2654 1587 2678 lardi
1603 2651 1737 2682 PNArffi),
1755 2651 1839 2675 laudis
1850 2651 1870 2674 Ο
1923 2651 2069 2683 peregrinas
2081 2650 2101 2674 O

455 2699 488 2724 ‘23
507 2699 623 2732 propitia]
645 2700 732 2731 peruia
746 2699 787 2723 Ε1
891 2698 924 2723 ‘24
944 2699 1053 2723 efficitur
1069 2699 1089 2723 Ο
1159 2697 1249 2731 parua]
1271 2699 1357 2731 peruia
1373 2698 1412 2722 E¹
1516 2696 1549 2722 ‘25
1568 2693 1728 2728 praebeatur]
1745 2695 1863 2718 uideatur
1876 2693 1924 2724 R¹,
1943 2694 2066 2718 debeatur
2079 2693 2103 2718 P

505 2751 577 2775 grau.
599 2752 649 2775 per.
670 2742 749 2766 XEF
825 2742 850 2765 iu
875 2742 944 2765 iussa
961 2742 1089 2773 separarit
1106 2742 1134 2766 G,
1149 2742 1236 2773 Meyer
1349 2741 1382 2766 ⁴26
1407 2738 1571 2771 committere]
1595 2746 1699 2771 peecare
1719 2737 1747 2761 Κ
1822 2737 1946 2768 siquidem
1969 2746 2047 2761 niens.
2063 2737 2100 2760 ΑΘ

452 2786 484 2810 27
505 2790 611 2818 quaerat
628 2786 648 2810 O
701 2787 726 2810 iu
744 2784 832 2818 paruo]
853 2793 933 2817 paruo
948 2785 974 2808 E
1058 2784 1091 2809 29
1110 2783 1220 2816 quidem]
1240 2786 1261 2809 si
1280 2785 1380 2816 quidem
1395 2784 1424 2808 K
1473 2783 1626 2816 supplicium
1640 2781 1669 2806 I<
1753 2779 1787 2804 30
1804 2783 1939 2805 uei-santur
1951 2780 1979 2804 Ε
2030 2781 2100 2804 inuo-

454 2830 565 2854 ccntium
583 2829 645 2854 Gar.
718 2829 811 2852 suerint
826 2828 862 2851 Δ10
967 2827 998 2853 31
1018 2826 1094 2859 quud]
1115 2829 1173 2860 quia
1192 2828 1219 2852 E
