<?xml version="1.0" encoding="UTF-8"?>
<!DOCTYPE html PUBLIC "-//W3C//DTD XHTML 1.0 Transitional//EN"
    "http://www.w3.org/TR/xhtml1/DTD/xhtml1-transitional.dtd">
<html xmlns="http://www.w3.org/1999/xhtml" xml:lang="en" lang="en">
 <head>
  <title>
</title>
<meta http-equiv="Content-Type" content="text/html;charset=utf-8" />
  <meta name='ocr-system' content='tesseract 3.04.00' />
  <meta name='ocr-capabilities' content='ocr_page ocr_carea ocr_par ocr_line ocrx_word'/>
</head>
<body>
  <div class='ocr_page' id='page_1' title='image "./cassiodorisenato00cass_0028.png"; bbox 0 0 2279 3261; ppageno 0'>
   <div class='ocr_carea' id='block_1_1' title="bbox 400 180 1334 211">
    <p class='ocr_par' dir='ltr' id='par_1_1' title="bbox 400 180 1334 211">
     <span class='ocr_line' id='line_1_1' title="bbox 400 180 1334 211; baseline -0.006 0"><span class='ocrx_word' id='word_1_1' title='bbox 400 185 476 211; x_wconf 81' lang='lat' dir='ltr'>XXII</span> <span class='ocrx_word' id='word_1_2' title='bbox 1109 180 1334 206; x_wconf 72' lang='lat' dir='ltr'>PROOEMIVM.</span> 
     </span>
    </p>
   </div>
   <div class='ocr_carea' id='block_1_2' title="bbox 396 274 2046 521">
    <p class='ocr_par' dir='ltr' id='par_1_2' title="bbox 684 274 1727 316">
     <span class='ocr_line' id='line_1_2' title="bbox 684 274 1727 316; baseline -0.002 -9"><span class='ocrx_word' id='word_1_3' title='bbox 684 275 907 307; x_wconf 72' lang='lat' dir='ltr'>Cassiodorus:</span> <span class='ocrx_word' id='word_1_4' title='bbox 1566 274 1727 316; x_wconf 79' lang='lat' dir='ltr'>Hyginus:</span> 
     </span>
    </p>

    <p class='ocr_par' dir='ltr' id='par_1_3' title="bbox 396 333 2046 521">
     <span class='ocr_line' id='line_1_3' title="bbox 396 333 2045 378; baseline -0.001 -10"><span class='ocrx_word' id='word_1_5' title='bbox 396 338 414 369; x_wconf 90' lang='lat' dir='ltr'>I</span> <span class='ocrx_word' id='word_1_6' title='bbox 437 340 486 375; x_wconf 84' lang='lat'>30,</span> <span class='ocrx_word' id='word_1_7' title='bbox 511 340 542 370; x_wconf 80' lang='lat'>5:</span> <span class='ocrx_word' id='word_1_8' title='bbox 574 340 604 375; x_wconf 86' lang='lat' dir='ltr'>(a</span> <span class='ocrx_word' id='word_1_9' title='bbox 631 336 756 378; x_wconf 75' lang='lat' dir='ltr'>pugnis)</span> <span class='ocrx_word' id='word_1_10' title='bbox 788 346 893 376; x_wconf 81' lang='lat' dir='ltr'>pugna</span> <span class='ocrx_word' id='word_1_11' title='bbox 919 345 1031 365; x_wconf 80' lang='lat' dir='ltr'>nomen</span> <span class='ocrx_word' id='word_1_12' title='bbox 1063 334 1194 376; x_wconf 89' lang='lat' dir='ltr'>accepit:</span> <span class='ocrx_word' id='word_1_13' title='bbox 1248 345 1271 364; x_wconf 88' lang='lat' dir='ltr'>c.</span> <span class='ocrx_word' id='word_1_14' title='bbox 1296 335 1373 366; x_wconf 80' lang='lat'>274:</span> <span class='ocrx_word' id='word_1_15' title='bbox 1402 333 1473 364; x_wconf 84' lang='lat' dir='ltr'>Afri</span> <span class='ocrx_word' id='word_1_16' title='bbox 1502 339 1532 365; x_wconf 83' lang='lat' dir='ltr'>et</span> <span class='ocrx_word' id='word_1_17' title='bbox 1561 334 1710 376; x_wconf 78' lang='lat' dir='ltr'>Aegyptii</span> <span class='ocrx_word' id='word_1_18' title='bbox 1741 335 1876 377; x_wconf 88' lang='lat' dir='ltr'>primum</span> <span class='ocrx_word' id='word_1_19' title='bbox 1908 335 2045 367; x_wconf 83' lang='lat' dir='ltr'>fustibus</span> 
     </span>
     <span class='ocr_line' id='line_1_4' title="bbox 483 384 2045 430; baseline -0.001 -11"><span class='ocrx_word' id='word_1_20' title='bbox 483 393 590 430; x_wconf 85' lang='lat' dir='ltr'>postea</span> <span class='ocrx_word' id='word_1_21' title='bbox 616 387 711 419; x_wconf 86' lang='lat' dir='ltr'>Belus</span> <span class='ocrx_word' id='word_1_22' title='bbox 741 386 873 417; x_wconf 80' lang='lat' dir='ltr'>ferreum</span> <span class='ocrx_word' id='word_1_23' title='bbox 908 385 1045 427; x_wconf 77' lang='lat' dir='ltr'>gladium</span> <span class='ocrx_word' id='word_1_24' title='bbox 1078 385 1195 427; x_wconf 84' lang='lat' dir='ltr'>primus</span> <span class='ocrx_word' id='word_1_25' title='bbox 1334 384 1569 424; x_wconf 80' lang='lat' dir='ltr'>dimicaverunt,</span> <span class='ocrx_word' id='word_1_26' title='bbox 1581 390 1689 427; x_wconf 84' lang='lat' dir='ltr'>postea</span> <span class='ocrx_word' id='word_1_27' title='bbox 1700 386 1796 417; x_wconf 85' lang='lat' dir='ltr'>Belus</span> <span class='ocrx_word' id='word_1_28' title='bbox 1808 386 1949 428; x_wconf 81' lang='lat' dir='ltr'>Neptuni</span> <span class='ocrx_word' id='word_1_29' title='bbox 1964 387 2045 418; x_wconf 85' lang='lat' dir='ltr'>filius</span> 
     </span>
     <span class='ocr_line' id='line_1_5' title="bbox 484 436 2046 481; baseline 0.001 -12"><span class='ocrx_word' id='word_1_30' title='bbox 484 439 646 481; x_wconf 75' lang='lat' dir='ltr'>produxit,</span> <span class='ocrx_word' id='word_1_31' title='bbox 675 450 693 469; x_wconf 89' lang='lat' dir='ltr'>a</span> <span class='ocrx_word' id='word_1_32' title='bbox 722 449 783 479; x_wconf 84' lang='lat' dir='ltr'>quo</span> <span class='ocrx_word' id='word_1_33' title='bbox 810 442 840 468; x_wconf 90' lang='lat' dir='ltr'>et</span> <span class='ocrx_word' id='word_1_34' title='bbox 862 437 978 468; x_wconf 88' lang='lat' dir='ltr'>bellum</span> <span class='ocrx_word' id='word_1_35' title='bbox 1001 437 1119 479; x_wconf 80' lang='lat' dir='ltr'>placuit-</span> <span class='ocrx_word' id='word_1_36' title='bbox 1142 448 1196 468; x_wconf 89' lang='lat' dir='ltr'>no—</span> <span class='ocrx_word' id='word_1_37' title='bbox 1333 436 1438 478; x_wconf 84' lang='lat' dir='ltr'>gladio</span> <span class='ocrx_word' id='word_1_38' title='bbox 1462 437 1659 478; x_wconf 85' lang='lat' dir='ltr'>belligeratus</span> <span class='ocrx_word' id='word_1_39' title='bbox 1682 442 1738 476; x_wconf 83' lang='lat' dir='ltr'>est,</span> <span class='ocrx_word' id='word_1_40' title='bbox 1760 437 1842 469; x_wconf 90' lang='lat' dir='ltr'>unde</span> <span class='ocrx_word' id='word_1_41' title='bbox 1862 437 1976 469; x_wconf 90' lang='lat' dir='ltr'>bellum</span> <span class='ocrx_word' id='word_1_42' title='bbox 2000 443 2046 470; x_wconf 88' lang='lat' dir='ltr'>cst</span> 
     </span>
     <span class='ocr_line' id='line_1_6' title="bbox 485 487 1461 521; baseline -0.003 0"><span class='ocrx_word' id='word_1_43' title='bbox 485 491 603 521; x_wconf 84' lang='lat' dir='ltr'>minari.</span> <span class='ocrx_word' id='word_1_44' title='bbox 1335 487 1461 519; x_wconf 84' lang='lat' dir='ltr'>dictum.</span> 
     </span>
    </p>
   </div>
   <div class='ocr_carea' id='block_1_3' title="bbox 396 566 2046 656">
    <p class='ocr_par' dir='ltr' id='par_1_4' title="bbox 396 566 2046 656">
     <span class='ocr_line' id='line_1_7' title="bbox 396 566 2046 608; baseline -0.001 -9"><span class='ocrx_word' id='word_1_45' title='bbox 396 568 557 605; x_wconf 77' lang='lat'>11131‚4:</span> <span class='ocrx_word' id='word_1_46' title='bbox 582 578 633 598; x_wconf 83' lang='lat' dir='ltr'>aes</span> <span class='ocrx_word' id='word_1_47' title='bbox 655 567 736 597; x_wconf 81' lang='lat' dir='ltr'>enim</span> <span class='ocrx_word' id='word_1_48' title='bbox 753 566 848 597; x_wconf 87' lang='lat' dir='ltr'>Ionos</span> <span class='ocrx_word' id='word_1_49' title='bbox 871 566 943 607; x_wconf 73' lang='lat' dir='ltr'>&lt;Ion</span> <span class='ocrx_word' id='word_1_50' title='bbox 960 566 1196 597; x_wconf 58' lang='lat' dir='ltr'>eoa·›·.11*ilama-</span> <span class='ocrx_word' id='word_1_51' title='bbox 1250 577 1274 597; x_wconf 92' lang='lat' dir='ltr'>c.</span> <span class='ocrx_word' id='word_1_52' title='bbox 1298 567 1374 598; x_wconf 78' lang='lat'>274:</span> <span class='ocrx_word' id='word_1_53' title='bbox 1485 577 1536 597; x_wconf 80' lang='lat' dir='ltr'>aes</span> <span class='ocrx_word' id='word_1_54' title='bbox 1574 566 1691 597; x_wconf 80' lang='lat' dir='ltr'>Thebis</span> <span class='ocrx_word' id='word_1_55' title='bbox 1729 567 1848 608; x_wconf 84' lang='lat' dir='ltr'>primus</span> <span class='ocrx_word' id='word_1_56' title='bbox 1886 567 2046 599; x_wconf 86' lang='lat' dir='ltr'>inventum</span> 
     </span>
     <span class='ocr_line' id='line_1_8' title="bbox 485 617 1483 656; baseline 0.001 -7"><span class='ocrx_word' id='word_1_57' title='bbox 485 619 569 656; x_wconf 45' lang='lat' dir='ltr'>ivise)</span> <span class='ocrx_word' id='word_1_58' title='bbox 594 618 775 649; x_wconf 77' lang='lat' dir='ltr'>Thessaliae</span> <span class='ocrx_word' id='word_1_59' title='bbox 798 629 860 656; x_wconf 84' lang='lat' dir='ltr'>rex,</span> <span class='ocrx_word' id='word_1_60' title='bbox 1335 617 1483 650; x_wconf 77' lang='lat' dir='ltr'>condidit.</span> 
     </span>
    </p>
   </div>
   <div class='ocr_carea' id='block_1_4' title="bbox 484 694 2046 739">
    <p class='ocr_par' dir='ltr' id='par_1_5' title="bbox 484 694 2046 739">
     <span class='ocr_line' id='line_1_9' title="bbox 484 694 2046 739; baseline 0.001 -13"><span class='ocrx_word' id='word_1_61' title='bbox 484 695 646 737; x_wconf 85' lang='lat' dir='ltr'>plumbum</span> <span class='ocrx_word' id='word_1_62' title='bbox 671 694 761 725; x_wconf 88' lang='lat' dir='ltr'>Mida</span> <span class='ocrx_word' id='word_1_63' title='bbox 784 699 928 736; x_wconf 80' lang='lat' dir='ltr'>regnator</span> <span class='ocrx_word' id='word_1_64' title='bbox 951 694 1106 737; x_wconf 71' lang='lat' dir='ltr'>Phrygiae</span> <span class='ocrx_word' id='word_1_65' title='bbox 1128 706 1196 737; x_wconf 85' lang='lat' dir='ltr'>rep-</span> <span class='ocrx_word' id='word_1_66' title='bbox 1250 706 1274 725; x_wconf 85' lang='lat' dir='ltr'>c.</span> <span class='ocrx_word' id='word_1_67' title='bbox 1298 696 1374 727; x_wconf 77' lang='lat'><strong>274:</strong></span> <span class='ocrx_word' id='word_1_68' title='bbox 1413 694 1520 726; x_wconf 79' lang='lat' dir='ltr'>Midas</span> <span class='ocrx_word' id='word_1_69' title='bbox 1557 706 1611 726; x_wconf 84' lang='lat' dir='ltr'>rex</span> <span class='ocrx_word' id='word_1_70' title='bbox 1649 695 1782 737; x_wconf 82' lang='lat' dir='ltr'>Cybeles</span> <span class='ocrx_word' id='word_1_71' title='bbox 1818 696 1900 727; x_wconf 87' lang='lat' dir='ltr'>filins</span> <span class='ocrx_word' id='word_1_72' title='bbox 1939 696 2046 739; x_wconf 70' lang='lat' dir='ltr'>Phryx</span> 
     </span>
    </p>
   </div>
   <div class='ocr_carea' id='block_1_5' title="bbox 483 747 2046 842">
    <p class='ocr_par' dir='ltr' id='par_1_6' title="bbox 483 747 2046 842">
     <span class='ocr_line' id='line_1_10' title="bbox 483 747 2046 790; baseline 0.001 -13"><span class='ocrx_word' id='word_1_73' title='bbox 483 752 636 789; x_wconf 78' lang='lat' dir='ltr'>perci-unt.</span> <span class='ocrx_word' id='word_1_74' title='bbox 1338 747 1499 789; x_wconf 87' lang='lat' dir='ltr'>plumbum</span> <span class='ocrx_word' id='word_1_75' title='bbox 1523 747 1629 779; x_wconf 83' lang='lat' dir='ltr'>album</span> <span class='ocrx_word' id='word_1_76' title='bbox 1656 752 1686 778; x_wconf 87' lang='lat' dir='ltr'>et</span> <span class='ocrx_word' id='word_1_77' title='bbox 1712 747 1835 789; x_wconf 81' lang='lat' dir='ltr'>nigrum</span> <span class='ocrx_word' id='word_1_78' title='bbox 1858 748 1976 790; x_wconf 82' lang='lat' dir='ltr'>primus</span> <span class='ocrx_word' id='word_1_79' title='bbox 2000 749 2046 780; x_wconf 89' lang='lat' dir='ltr'>in-</span> 
     </span>
     <span class='ocr_line' id='line_1_11' title="bbox 1339 797 1996 842; baseline 0.003 -13"><span class='ocrx_word' id='word_1_80' title='bbox 1339 799 1423 829; x_wconf 84' lang='lat' dir='ltr'>venit</span> <span class='ocrx_word' id='word_1_81' title='bbox 1446 798 1498 839; x_wconf 79' lang='lat' dir='ltr'>(cf.</span> <span class='ocrx_word' id='word_1_82' title='bbox 1524 797 1654 830; x_wconf 69' lang='lat' dir='ltr'>Plinius</span> <span class='ocrx_word' id='word_1_83' title='bbox 1676 798 1705 829; x_wconf 74' lang='lat'>71..</span> <span class='ocrx_word' id='word_1_84' title='bbox 1728 810 1758 830; x_wconf 71' lang='lat' dir='ltr'>n.</span> <span class='ocrx_word' id='word_1_85' title='bbox 1784 801 1812 837; x_wconf 81' lang='lat'>7,</span> <span class='ocrx_word' id='word_1_86' title='bbox 1837 800 1886 837; x_wconf 83' lang='lat'>56,</span> <span class='ocrx_word' id='word_1_87' title='bbox 1911 801 1996 842; x_wconf 79' lang='lat'>197).</span> 
     </span>
    </p>
   </div>
   <div class='ocr_carea' id='block_1_6' title="bbox 396 875 2046 1011">
    <p class='ocr_par' dir='ltr' id='par_1_7' title="bbox 396 875 2046 1011">
     <span class='ocr_line' id='line_1_12' title="bbox 396 875 2046 919; baseline 0.002 -13"><span class='ocrx_word' id='word_1_88' title='bbox 396 875 449 906; x_wconf 91' lang='grc' dir='ltr'>ΠΙ</span> <span class='ocrx_word' id='word_1_89' title='bbox 474 877 523 915; x_wconf 81' lang='lat'>51,</span> <span class='ocrx_word' id='word_1_90' title='bbox 540 878 573 907; x_wconf 86' lang='lat'>3:</span> <span class='ocrx_word' id='word_1_91' title='bbox 598 876 821 917; x_wconf 81' lang='lat' dir='ltr'>(spectaculum</span> <span class='ocrx_word' id='word_1_92' title='bbox 844 877 1002 917; x_wconf 77' lang='lat' dir='ltr'>curruum)</span> <span class='ocrx_word' id='word_1_93' title='bbox 1026 876 1143 918; x_wconf 83' lang='lat' dir='ltr'>primus</span> <span class='ocrx_word' id='word_1_94' title='bbox 1166 901 1195 907; x_wconf 88' lang='lat'>..</span> <span class='ocrx_word' id='word_1_95' title='bbox 1250 888 1274 907; x_wconf 92' lang='lat' dir='ltr'>c.</span> <span class='ocrx_word' id='word_1_96' title='bbox 1297 877 1374 908; x_wconf 74' lang='lat'>274:</span> <span class='ocrx_word' id='word_1_97' title='bbox 1398 875 1498 915; x_wconf 80' lang='lat' dir='ltr'>Elide,</span> <span class='ocrx_word' id='word_1_98' title='bbox 1522 887 1600 918; x_wconf 87' lang='lat' dir='ltr'>quae</span> <span class='ocrx_word' id='word_1_99' title='bbox 1616 876 1690 907; x_wconf 84' lang='lat' dir='ltr'>urbs</span> <span class='ocrx_word' id='word_1_100' title='bbox 1706 880 1754 907; x_wconf 86' lang='lat' dir='ltr'>est</span> <span class='ocrx_word' id='word_1_101' title='bbox 1773 877 1804 908; x_wconf 90' lang='lat' dir='ltr'>in</span> <span class='ocrx_word' id='word_1_102' title='bbox 1821 876 2046 919; x_wconf 85' lang='lat' dir='ltr'>Peloponneso,</span> 
     </span>
     <span class='ocr_line' id='line_1_13' title="bbox 484 927 2046 970; baseline 0.001 -12"><span class='ocrx_word' id='word_1_103' title='bbox 484 927 568 969; x_wconf 84' lang='lat' dir='ltr'>apud</span> <span class='ocrx_word' id='word_1_104' title='bbox 603 927 727 958; x_wconf 88' lang='lat' dir='ltr'>Elidem</span> <span class='ocrx_word' id='word_1_105' title='bbox 760 928 856 959; x_wconf 82' lang='lat' dir='ltr'>Asiae</span> <span class='ocrx_word' id='word_1_106' title='bbox 897 928 1054 959; x_wconf 76' lang='lat' dir='ltr'>civitatem</span> <span class='ocrx_word' id='word_1_107' title='bbox 1090 928 1197 959; x_wconf 85' lang='lat' dir='ltr'>Oeno·</span> <span class='ocrx_word' id='word_1_108' title='bbox 1335 928 1503 959; x_wconf 84' lang='lat' dir='ltr'>certamina</span> <span class='ocrx_word' id='word_1_109' title='bbox 1518 927 1737 969; x_wconf 85' lang='lat' dir='ltr'>quadrigarum</span> <span class='ocrx_word' id='word_1_110' title='bbox 1753 928 1887 970; x_wconf 86' lang='lat' dir='ltr'>primum</span> <span class='ocrx_word' id='word_1_111' title='bbox 1904 929 2046 960; x_wconf 84' lang='lat' dir='ltr'>instituta</span> 
     </span>
     <span class='ocr_line' id='line_1_14' title="bbox 483 979 1415 1011; baseline 0.001 -2"><span class='ocrx_word' id='word_1_112' title='bbox 483 990 570 1010; x_wconf 83' lang='lat' dir='ltr'>maus</span> <span class='ocrx_word' id='word_1_113' title='bbox 593 979 689 1010; x_wconf 88' lang='lat' dir='ltr'>fertur</span> <span class='ocrx_word' id='word_1_114' title='bbox 711 979 855 1011; x_wconf 82' lang='lat' dir='ltr'>edidisse.</span> <span class='ocrx_word' id='word_1_115' title='bbox 1336 984 1415 1010; x_wconf 91' lang='lat' dir='ltr'>sunt.</span> 
     </span>
    </p>
   </div>
   <div class='ocr_carea' id='block_1_7' title="bbox 396 1056 2047 1150">
    <p class='ocr_par' dir='ltr' id='par_1_8' title="bbox 396 1056 2047 1150">
     <span class='ocr_line' id='line_1_15' title="bbox 396 1056 2047 1098; baseline 0.001 -11"><span class='ocrx_word' id='word_1_116' title='bbox 396 1056 450 1088; x_wconf 88' lang='lat' dir='ltr'>IV</span> <span class='ocrx_word' id='word_1_117' title='bbox 474 1057 524 1093; x_wconf 75' lang='lat'>34,</span> <span class='ocrx_word' id='word_1_118' title='bbox 548 1058 581 1087; x_wconf 78' lang='lat'>3:</span> <span class='ocrx_word' id='word_1_119' title='bbox 617 1056 709 1098; x_wconf 87' lang='lat' dir='ltr'>primi</span> <span class='ocrx_word' id='word_1_120' title='bbox 744 1056 890 1087; x_wconf 83' lang='lat' dir='ltr'>dicuntur</span> <span class='ocrx_word' id='word_1_121' title='bbox 924 1067 1032 1088; x_wconf 88' lang='lat' dir='ltr'>aurum</span> <span class='ocrx_word' id='word_1_122' title='bbox 1061 1057 1194 1094; x_wconf 81' lang='lat' dir='ltr'>Aeacus,</span> <span class='ocrx_word' id='word_1_123' title='bbox 1249 1068 1273 1088; x_wconf 84' lang='lat' dir='ltr'>c.</span> <span class='ocrx_word' id='word_1_124' title='bbox 1297 1058 1373 1089; x_wconf 79' lang='lat'>274:</span> <span class='ocrx_word' id='word_1_125' title='bbox 1404 1056 1501 1088; x_wconf 81' lang='lat' dir='ltr'>Sacus</span> <span class='ocrx_word' id='word_1_126' title='bbox 1532 1056 1619 1088; x_wconf 90' lang='lat' dir='ltr'>Iovis</span> <span class='ocrx_word' id='word_1_127' title='bbox 1653 1056 1735 1088; x_wconf 86' lang='lat' dir='ltr'>filius</span> <span class='ocrx_word' id='word_1_128' title='bbox 1766 1057 1797 1088; x_wconf 90' lang='lat' dir='ltr'>in</span> <span class='ocrx_word' id='word_1_129' title='bbox 1828 1057 1987 1089; x_wconf 83' lang='lat' dir='ltr'>Panchaia</span> <span class='ocrx_word' id='word_1_130' title='bbox 2014 1058 2047 1089; x_wconf 89' lang='lat' dir='ltr'>in</span> 
     </span>
     <span class='ocr_line' id='line_1_16' title="bbox 482 1107 2047 1150; baseline 0.002 -12"><span class='ocrx_word' id='word_1_131' title='bbox 482 1112 644 1149; x_wconf 86' lang='lat' dir='ltr'>argentum</span> <span class='ocrx_word' id='word_1_132' title='bbox 660 1107 759 1139; x_wconf 83' lang='lat' dir='ltr'>Indus</span> <span class='ocrx_word' id='word_1_133' title='bbox 783 1119 836 1139; x_wconf 89' lang='lat' dir='ltr'>rex</span> <span class='ocrx_word' id='word_1_134' title='bbox 853 1107 998 1150; x_wconf 81' lang='lat' dir='ltr'>Scythiae</span> <span class='ocrx_word' id='word_1_135' title='bbox 1014 1109 1196 1150; x_wconf 76' lang='lat' dir='ltr'>repperisse.</span> <span class='ocrx_word' id='word_1_136' title='bbox 1336 1112 1440 1139; x_wconf 79' lang='lat' dir='ltr'>monte</span> <span class='ocrx_word' id='word_1_137' title='bbox 1482 1108 1567 1139; x_wconf 85' lang='lat' dir='ltr'>Taso</span> <span class='ocrx_word' id='word_1_138' title='bbox 1609 1119 1718 1139; x_wconf 87' lang='lat' dir='ltr'>aurum</span> <span class='ocrx_word' id='word_1_139' title='bbox 1762 1109 1880 1150; x_wconf 89' lang='lat' dir='ltr'>primus</span> <span class='ocrx_word' id='word_1_140' title='bbox 1919 1109 2047 1149; x_wconf 81' lang='lat' dir='ltr'>invenit,</span> 
     </span>
    </p>
   </div>
   <div class='ocr_carea' id='block_1_8' title="bbox 1335 1159 2045 1255">
    <p class='ocr_par' dir='ltr' id='par_1_9' title="bbox 1335 1159 2045 1255">
     <span class='ocr_line' id='line_1_17' title="bbox 1335 1159 2045 1204; baseline 0.003 -14"><span class='ocrx_word' id='word_1_141' title='bbox 1335 1159 1434 1190; x_wconf 88' lang='lat' dir='ltr'>Indus</span> <span class='ocrx_word' id='word_1_142' title='bbox 1458 1170 1511 1190; x_wconf 84' lang='lat' dir='ltr'>rex</span> <span class='ocrx_word' id='word_1_143' title='bbox 1535 1159 1566 1190; x_wconf 89' lang='lat' dir='ltr'>in</span> <span class='ocrx_word' id='word_1_144' title='bbox 1590 1159 1719 1201; x_wconf 81' lang='lat' dir='ltr'>Scythia</span> <span class='ocrx_word' id='word_1_145' title='bbox 1742 1165 1903 1202; x_wconf 85' lang='lat' dir='ltr'>argentum</span> <span class='ocrx_word' id='word_1_146' title='bbox 1927 1162 2045 1204; x_wconf 89' lang='lat' dir='ltr'>primus</span> 
     </span>
     <span class='ocr_line' id='line_1_18' title="bbox 1335 1211 2024 1255; baseline 0.003 -13"><span class='ocrx_word' id='word_1_147' title='bbox 1335 1211 1455 1242; x_wconf 84' lang='lat' dir='ltr'>invenit</span> <span class='ocrx_word' id='word_1_148' title='bbox 1479 1211 1531 1253; x_wconf 78' lang='lat' dir='ltr'>(ef.</span> <span class='ocrx_word' id='word_1_149' title='bbox 1556 1211 1687 1243; x_wconf 69' lang='lat' dir='ltr'>Plinius</span> <span class='ocrx_word' id='word_1_150' title='bbox 1709 1212 1738 1243; x_wconf 73' lang='grc' dir='ltr'>Ιι.</span> <span class='ocrx_word' id='word_1_151' title='bbox 1754 1223 1786 1243; x_wconf 71' lang='lat'>22.</span> <span class='ocrx_word' id='word_1_152' title='bbox 1810 1215 1839 1250; x_wconf 74' lang='lat'>7,</span> <span class='ocrx_word' id='word_1_153' title='bbox 1863 1213 1912 1252; x_wconf 82' lang='lat'>56,</span> <span class='ocrx_word' id='word_1_154' title='bbox 1938 1213 2024 1255; x_wconf 80' lang='lat'>197).</span> 
     </span>
    </p>
   </div>
   <div class='ocr_carea' id='block_1_9' title="bbox 397 1287 2047 1434">
    <p class='ocr_par' dir='ltr' id='par_1_10' title="bbox 397 1287 2047 1434">
     <span class='ocr_line' id='line_1_19' title="bbox 397 1287 2046 1332; baseline 0.001 -12"><span class='ocrx_word' id='word_1_155' title='bbox 397 1287 431 1320; x_wconf 76' lang='lat' dir='ltr'>V</span> <span class='ocrx_word' id='word_1_156' title='bbox 452 1289 498 1325; x_wconf 86' lang='grc'>17,</span> <span class='ocrx_word' id='word_1_157' title='bbox 515 1288 548 1319; x_wconf 80' lang='lat'>4:</span> <span class='ocrx_word' id='word_1_158' title='bbox 573 1288 705 1330; x_wconf 83' lang='lat' dir='ltr'>(velum)</span> <span class='ocrx_word' id='word_1_159' title='bbox 731 1288 792 1319; x_wconf 69' lang='lat' dir='ltr'>Isis</span> <span class='ocrx_word' id='word_1_160' title='bbox 816 1289 873 1320; x_wconf 84' lang='lat' dir='ltr'>rati</span> <span class='ocrx_word' id='word_1_161' title='bbox 897 1289 998 1331; x_wconf 88' lang='lat' dir='ltr'>prima</span> <span class='ocrx_word' id='word_1_162' title='bbox 1021 1290 1194 1332; x_wconf 84' lang='lat' dir='ltr'>suspendit,</span> <span class='ocrx_word' id='word_1_163' title='bbox 1246 1302 1270 1321; x_wconf 86' lang='lat' dir='ltr'>c.</span> <span class='ocrx_word' id='word_1_164' title='bbox 1294 1291 1369 1322; x_wconf 78' lang='lat'>275:</span> <span class='ocrx_word' id='word_1_165' title='bbox 1394 1289 1540 1323; x_wconf 84' lang='lat' dir='ltr'>Velificia</span> <span class='ocrx_word' id='word_1_166' title='bbox 1562 1290 1697 1332; x_wconf 88' lang='lat' dir='ltr'>primum</span> <span class='ocrx_word' id='word_1_167' title='bbox 1725 1290 1844 1322; x_wconf 86' lang='lat' dir='ltr'>invenit</span> <span class='ocrx_word' id='word_1_168' title='bbox 1867 1290 1944 1329; x_wconf 86' lang='lat' dir='ltr'>Isis,</span> <span class='ocrx_word' id='word_1_169' title='bbox 1975 1302 2046 1322; x_wconf 88' lang='lat' dir='ltr'>nam</span> 
     </span>
     <span class='ocr_line' id='line_1_20' title="bbox 482 1340 2047 1384; baseline 0.002 -14"><span class='ocrx_word' id='word_1_170' title='bbox 482 1351 551 1370; x_wconf 81' lang='lat' dir='ltr'>eum</span> <span class='ocrx_word' id='word_1_171' title='bbox 576 1352 630 1382; x_wconf 85' lang='lat' dir='ltr'>per</span> <span class='ocrx_word' id='word_1_172' title='bbox 654 1341 751 1371; x_wconf 83' lang='lat' dir='ltr'>maria</span> <span class='ocrx_word' id='word_1_173' title='bbox 774 1340 958 1383; x_wconf 82' lang='lat' dir='ltr'>Harpocran</span> <span class='ocrx_word' id='word_1_174' title='bbox 982 1341 1079 1372; x_wconf 86' lang='lat' dir='ltr'>filium</span> <span class='ocrx_word' id='word_1_175' title='bbox 1103 1354 1193 1373; x_wconf 62' lang='lat' dir='ltr'>¹&lt;uum</span> <span class='ocrx_word' id='word_1_176' title='bbox 1333 1341 1406 1372; x_wconf 89' lang='lat' dir='ltr'>dum</span> <span class='ocrx_word' id='word_1_177' title='bbox 1435 1342 1556 1383; x_wconf 82' lang='lat' dir='ltr'>quaerit</span> <span class='ocrx_word' id='word_1_178' title='bbox 1582 1341 1798 1384; x_wconf 77' lang='lat' dir='ltr'>Harpocraten</span> <span class='ocrx_word' id='word_1_179' title='bbox 1822 1341 1918 1373; x_wconf 81' lang='lat' dir='ltr'>filium</span> <span class='ocrx_word' id='word_1_180' title='bbox 1947 1353 2047 1380; x_wconf 83' lang='lat' dir='ltr'>suum,</span> 
     </span>
     <span class='ocr_line' id='line_1_21' title="bbox 484 1392 1599 1434; baseline 0.002 -12"><span class='ocrx_word' id='word_1_181' title='bbox 484 1416 490 1422; x_wconf 92' lang='lat'>.</span> <span class='ocrx_word' id='word_1_182' title='bbox 507 1416 513 1422; x_wconf 91' lang='lat'>.</span> <span class='ocrx_word' id='word_1_183' title='bbox 536 1392 733 1434; x_wconf 72' lang='lat' dir='ltr'>perquireret.</span> <span class='ocrx_word' id='word_1_184' title='bbox 1334 1398 1399 1425; x_wconf 86' lang='lat' dir='ltr'>rate</span> <span class='ocrx_word' id='word_1_185' title='bbox 1423 1393 1599 1425; x_wconf 81' lang='lat' dir='ltr'>velificavit.</span> 
     </span>
    </p>
   </div>
   <div class='ocr_carea' id='block_1_10' title="bbox 400 1469 2048 1554">
    <p class='ocr_par' dir='ltr' id='par_1_11' title="bbox 400 1469 2048 1554">
     <span class='ocr_line' id='line_1_22' title="bbox 400 1469 2048 1512; baseline 0 -11"><span class='ocrx_word' id='word_1_186' title='bbox 400 1469 453 1501; x_wconf 83' lang='lat' dir='ltr'>VI</span> <span class='ocrx_word' id='word_1_187' title='bbox 473 1471 519 1507; x_wconf 73' lang='lat'>18,</span> <span class='ocrx_word' id='word_1_188' title='bbox 537 1471 568 1501; x_wconf 73' lang='lat'>6:</span> <span class='ocrx_word' id='word_1_189' title='bbox 599 1470 692 1500; x_wconf 76' lang='lat' dir='ltr'>Ceres</span> <span class='ocrx_word' id='word_1_190' title='bbox 721 1469 874 1500; x_wconf 75' lang='lat' dir='ltr'>frumenta</span> <span class='ocrx_word' id='word_1_191' title='bbox 897 1469 1011 1500; x_wconf 88' lang='lat' dir='ltr'>dicitur</span> <span class='ocrx_word' id='word_1_192' title='bbox 1035 1470 1197 1501; x_wconf 75' lang='lat' dir='ltr'>invenisse.</span> <span class='ocrx_word' id='word_1_193' title='bbox 1252 1484 1276 1502; x_wconf 81' lang='lat'>‹·.</span> <span class='ocrx_word' id='word_1_194' title='bbox 1300 1472 1377 1503; x_wconf 72' lang='lat'>274:</span> <span class='ocrx_word' id='word_1_195' title='bbox 1413 1471 1443 1501; x_wconf 88' lang='lat' dir='ltr'>in</span> <span class='ocrx_word' id='word_1_196' title='bbox 1475 1470 1582 1501; x_wconf 82' lang='lat' dir='ltr'>Sicilia</span> <span class='ocrx_word' id='word_1_197' title='bbox 1616 1470 1803 1501; x_wconf 86' lang='lat' dir='ltr'>frumentum</span> <span class='ocrx_word' id='word_1_198' title='bbox 1827 1469 1920 1501; x_wconf 87' lang='lat' dir='ltr'>Ceres</span> <span class='ocrx_word' id='word_1_199' title='bbox 1948 1470 2048 1512; x_wconf 87' lang='lat' dir='ltr'>prima</span> 
     </span>
     <span class='ocr_line' id='line_1_23' title="bbox 1338 1522 1465 1554; baseline -0.008 -1"><span class='ocrx_word' id='word_1_200' title='bbox 1338 1522 1465 1554; x_wconf 84' lang='lat' dir='ltr'>invenit.</span> 
     </span>
    </p>
   </div>
   <div class='ocr_carea' id='block_1_11' title="bbox 400 1598 2048 1640">
    <p class='ocr_par' dir='ltr' id='par_1_12' title="bbox 400 1598 2048 1640">
     <span class='ocr_line' id='line_1_24' title="bbox 400 1598 2048 1640; baseline 0 -10"><span class='ocrx_word' id='word_1_201' title='bbox 400 1598 471 1631; x_wconf 84' lang='lat' dir='ltr'>VII</span> <span class='ocrx_word' id='word_1_202' title='bbox 490 1600 536 1636; x_wconf 79' lang='lat'>18,</span> <span class='ocrx_word' id='word_1_203' title='bbox 550 1600 580 1629; x_wconf 75' lang='lat'>2:</span> <span class='ocrx_word' id='word_1_204' title='bbox 603 1598 715 1639; x_wconf 84' lang='lat' dir='ltr'>(arma)</span> <span class='ocrx_word' id='word_1_205' title='bbox 734 1598 867 1640; x_wconf 74' lang='lat' dir='ltr'>prinlum</span> <span class='ocrx_word' id='word_1_206' title='bbox 884 1598 1066 1631; x_wconf 79' lang='lat' dir='ltr'>Phoroneus</span> <span class='ocrx_word' id='word_1_207' title='bbox 1083 1600 1197 1631; x_wconf 90' lang='lat' dir='ltr'>Iunoni</span> <span class='ocrx_word' id='word_1_208' title='bbox 1251 1612 1276 1632; x_wconf 81' lang='lat' dir='ltr'>e.</span> <span class='ocrx_word' id='word_1_209' title='bbox 1300 1602 1375 1632; x_wconf 76' lang='lat'>274:</span> <span class='ocrx_word' id='word_1_210' title='bbox 1400 1600 1582 1631; x_wconf 80' lang='lat' dir='ltr'>Phoroneus</span> <span class='ocrx_word' id='word_1_211' title='bbox 1599 1600 1708 1631; x_wconf 82' lang='lat' dir='ltr'>Inachi</span> <span class='ocrx_word' id='word_1_212' title='bbox 1732 1599 1814 1631; x_wconf 91' lang='lat' dir='ltr'>filius</span> <span class='ocrx_word' id='word_1_213' title='bbox 1831 1610 1917 1630; x_wconf 81' lang='lat' dir='ltr'>arma</span> <span class='ocrx_word' id='word_1_214' title='bbox 1932 1599 2048 1630; x_wconf 88' lang='lat' dir='ltr'>Iunoni</span> 
     </span>
    </p>
   </div>
   <div class='ocr_carea' id='block_1_12' title="bbox 483 1649 2049 1746">
    <p class='ocr_par' dir='ltr' id='par_1_13' title="bbox 483 1649 2049 1746">
     <span class='ocr_line' id='line_1_25' title="bbox 483 1649 2049 1694; baseline 0.001 -15"><span class='ocrx_word' id='word_1_215' title='bbox 483 1649 598 1680; x_wconf 81' lang='lat' dir='ltr'>dicitur</span> <span class='ocrx_word' id='word_1_216' title='bbox 635 1650 798 1688; x_wconf 78' lang='lat' dir='ltr'>obtulisse,</span> <span class='ocrx_word' id='word_1_217' title='bbox 834 1655 869 1681; x_wconf 90' lang='lat' dir='ltr'>ut</span> <span class='ocrx_word' id='word_1_218' title='bbox 907 1651 1065 1682; x_wconf 79' lang='lat' dir='ltr'>inventum</span> <span class='ocrx_word' id='word_1_219' title='bbox 1106 1663 1195 1683; x_wconf 77' lang='lat' dir='ltr'>suum</span> <span class='ocrx_word' id='word_1_220' title='bbox 1337 1653 1456 1694; x_wconf 84' lang='lat' dir='ltr'>primus</span> <span class='ocrx_word' id='word_1_221' title='bbox 1479 1652 1565 1690; x_wconf 86' lang='lat' dir='ltr'>fecit,</span> <span class='ocrx_word' id='word_1_222' title='bbox 1594 1652 1647 1694; x_wconf 89' lang='lat' dir='ltr'>qui</span> <span class='ocrx_word' id='word_1_223' title='bbox 1676 1652 1716 1683; x_wconf 89' lang='lat' dir='ltr'>ob</span> <span class='ocrx_word' id='word_1_224' title='bbox 1739 1662 1807 1682; x_wconf 83' lang='lat' dir='ltr'>eam</span> <span class='ocrx_word' id='word_1_225' title='bbox 1830 1662 1957 1682; x_wconf 81' lang='lat' dir='ltr'>causam</span> <span class='ocrx_word' id='word_1_226' title='bbox 1981 1662 2049 1691; x_wconf 78' lang='lat' dir='ltr'>reg-</span> 
     </span>
     <span class='ocr_line' id='line_1_26' title="bbox 484 1702 1781 1746; baseline 0.002 -15"><span class='ocrx_word' id='word_1_227' title='bbox 484 1702 619 1732; x_wconf 78' lang='lat' dir='ltr'>numinis</span> <span class='ocrx_word' id='word_1_228' title='bbox 644 1726 672 1732; x_wconf 96' lang='lat'>..</span> <span class='ocrx_word' id='word_1_229' title='bbox 691 1726 696 1732; x_wconf 97' lang='lat'>.</span> <span class='ocrx_word' id='word_1_230' title='bbox 720 1702 860 1744; x_wconf 79' lang='lat' dir='ltr'>auspicio</span> <span class='ocrx_word' id='word_1_231' title='bbox 884 1708 1084 1734; x_wconf 81' lang='lat' dir='ltr'>consecraret.</span> <span class='ocrx_word' id='word_1_232' title='bbox 1336 1704 1429 1735; x_wconf 88' lang='lat' dir='ltr'>nandi</span> <span class='ocrx_word' id='word_1_233' title='bbox 1455 1708 1641 1746; x_wconf 80' lang='lat' dir='ltr'>potestatem</span> <span class='ocrx_word' id='word_1_234' title='bbox 1664 1703 1781 1734; x_wconf 84' lang='lat' dir='ltr'>habuit.</span> 
     </span>
    </p>
   </div>
   <div class='ocr_carea' id='block_1_13' title="bbox 400 1779 2048 1823">
    <p class='ocr_par' dir='ltr' id='par_1_14' title="bbox 400 1779 2048 1823">
     <span class='ocr_line' id='line_1_27' title="bbox 400 1779 2048 1823; baseline -0.001 -12"><span class='ocrx_word' id='word_1_235' title='bbox 400 1779 487 1811; x_wconf 78' lang='lat' dir='ltr'>VIII</span> <span class='ocrx_word' id='word_1_236' title='bbox 506 1782 552 1817; x_wconf 81' lang='grc'>12,</span> <span class='ocrx_word' id='word_1_237' title='bbox 567 1782 599 1811; x_wconf 76' lang='lat'>5:</span> <span class='ocrx_word' id='word_1_238' title='bbox 617 1780 764 1820; x_wconf 74' lang='lat' dir='ltr'>(litteras)</span> <span class='ocrx_word' id='word_1_239' title='bbox 786 1780 929 1821; x_wconf 88' lang='lat' dir='ltr'>primum.</span> <span class='ocrx_word' id='word_1_240' title='bbox 955 1785 985 1812; x_wconf 91' lang='lat' dir='ltr'>nt</span> <span class='ocrx_word' id='word_1_241' title='bbox 1010 1782 1198 1823; x_wconf 63' lang='lat' dir='ltr'>fiequentior</span> <span class='ocrx_word' id='word_1_242' title='bbox 1249 1794 1274 1813; x_wconf 75' lang='lat' dir='ltr'>c.</span> <span class='ocrx_word' id='word_1_243' title='bbox 1298 1784 1375 1814; x_wconf 71' lang='lat'>277:</span> <span class='ocrx_word' id='word_1_244' title='bbox 1402 1782 1517 1813; x_wconf 86' lang='lat' dir='ltr'>Parcae</span> <span class='ocrx_word' id='word_1_245' title='bbox 1541 1806 1547 1812; x_wconf 92' lang='lat'>.</span> <span class='ocrx_word' id='word_1_246' title='bbox 1564 1806 1570 1812; x_wconf 90' lang='lat'>.</span> <span class='ocrx_word' id='word_1_247' title='bbox 1588 1806 1593 1812; x_wconf 96' lang='lat'>.</span> <span class='ocrx_word' id='word_1_248' title='bbox 1618 1781 1800 1812; x_wconf 83' lang='lat' dir='ltr'>invenerunt</span> <span class='ocrx_word' id='word_1_249' title='bbox 1816 1779 1933 1810; x_wconf 80' lang='lat' dir='ltr'>litteras</span> <span class='ocrx_word' id='word_1_250' title='bbox 1950 1779 2048 1811; x_wconf 88' lang='lat' dir='ltr'>Grae-</span> 
     </span>
    </p>
   </div>
   <div class='ocr_carea' id='block_1_14' title="bbox 483 1831 2045 1979">
    <p class='ocr_par' dir='ltr' id='par_1_15' title="bbox 483 1831 2045 1979">
     <span class='ocr_line' id='line_1_28' title="bbox 483 1831 2045 1875; baseline -0.001 -13"><span class='ocrx_word' id='word_1_251' title='bbox 483 1831 578 1862; x_wconf 63' lang='grc'><strong>1101111</strong></span> <span class='ocrx_word' id='word_1_252' title='bbox 607 1831 727 1873; x_wconf 83' lang='lat' dir='ltr'>opinio,</span> <span class='ocrx_word' id='word_1_253' title='bbox 763 1832 938 1863; x_wconf 74' lang='lat' dir='ltr'>Mercurius</span> <span class='ocrx_word' id='word_1_254' title='bbox 974 1833 1080 1864; x_wconf 83' lang='lat' dir='ltr'>volatu</span> <span class='ocrx_word' id='word_1_255' title='bbox 1111 1834 1197 1875; x_wconf 69' lang='lat' dir='ltr'>Stry-</span> <span class='ocrx_word' id='word_1_256' title='bbox 1336 1846 1387 1865; x_wconf 67' lang='lat' dir='ltr'>eas</span> <span class='ocrx_word' id='word_1_257' title='bbox 1416 1838 1533 1875; x_wconf 77' lang='lat' dir='ltr'>septem</span> <span class='ocrx_word' id='word_1_258' title='bbox 1558 1858 1564 1864; x_wconf 92' lang='lat'>.</span> <span class='ocrx_word' id='word_1_259' title='bbox 1587 1858 1594 1864; x_wconf 90' lang='lat'>.</span> <span class='ocrx_word' id='word_1_260' title='bbox 1615 1857 1621 1863; x_wconf 98' lang='lat'>.</span> <span class='ocrx_word' id='word_1_261' title='bbox 1650 1832 1701 1863; x_wconf 78' lang='lat' dir='ltr'>alii</span> <span class='ocrx_word' id='word_1_262' title='bbox 1725 1832 1833 1863; x_wconf 86' lang='lat' dir='ltr'>dicunt</span> <span class='ocrx_word' id='word_1_263' title='bbox 1856 1831 2045 1863; x_wconf 83' lang='lat' dir='ltr'>Mercurium</span> 
     </span>
     <span class='ocr_line' id='line_1_29' title="bbox 485 1882 2045 1927; baseline -0.001 -13"><span class='ocrx_word' id='word_1_264' title='bbox 485 1883 658 1914; x_wconf 82' lang='lat' dir='ltr'>moni-arum</span> <span class='ocrx_word' id='word_1_265' title='bbox 683 1884 788 1915; x_wconf 81' lang='lat' dir='ltr'>avium</span> <span class='ocrx_word' id='word_1_266' title='bbox 812 1884 973 1926; x_wconf 70' lang='lat' dir='ltr'>collegisse</span> <span class='ocrx_word' id='word_1_267' title='bbox 997 1890 1195 1916; x_wconf 84' lang='lat' dir='ltr'>memoratur:</span> <span class='ocrx_word' id='word_1_268' title='bbox 1335 1898 1373 1916; x_wconf 82' lang='lat' dir='ltr'>ex</span> <span class='ocrx_word' id='word_1_269' title='bbox 1407 1897 1518 1927; x_wconf 77' lang='lat' dir='ltr'>gruum</span> <span class='ocrx_word' id='word_1_270' title='bbox 1557 1885 1675 1921; x_wconf 81' lang='lat' dir='ltr'>volatu,</span> <span class='ocrx_word' id='word_1_271' title='bbox 1715 1895 1793 1926; x_wconf 82' lang='lat' dir='ltr'>quae</span> <span class='ocrx_word' id='word_1_272' title='bbox 1831 1895 1899 1914; x_wconf 84' lang='lat' dir='ltr'>eum</span> <span class='ocrx_word' id='word_1_273' title='bbox 1940 1882 2045 1915; x_wconf 82' lang='lat' dir='ltr'>volant</span> 
     </span>
     <span class='ocr_line' id='line_1_30' title="bbox 484 1935 1662 1979; baseline 0.001 -14"><span class='ocrx_word' id='word_1_274' title='bbox 484 1947 555 1966; x_wconf 89' lang='lat' dir='ltr'>nam</span> <span class='ocrx_word' id='word_1_275' title='bbox 585 1939 615 1965; x_wconf 84' lang='lat' dir='ltr'>et</span> <span class='ocrx_word' id='word_1_276' title='bbox 642 1935 735 1965; x_wconf 87' lang='lat' dir='ltr'>hodie</span> <span class='ocrx_word' id='word_1_277' title='bbox 761 1947 867 1977; x_wconf 75' lang='lat' dir='ltr'>grues,</span> <span class='ocrx_word' id='word_1_278' title='bbox 891 1936 944 1977; x_wconf 91' lang='lat' dir='ltr'>qui</span> <span class='ocrx_word' id='word_1_279' title='bbox 966 1936 1065 1967; x_wconf 82' lang='lat' dir='ltr'>classe</span> <span class='ocrx_word' id='word_1_280' title='bbox 1088 1948 1198 1967; x_wconf 82' lang='lat' dir='ltr'>conso·</span> <span class='ocrx_word' id='word_1_281' title='bbox 1335 1937 1452 1968; x_wconf 73' lang='lat' dir='ltr'>litteras</span> <span class='ocrx_word' id='word_1_282' title='bbox 1476 1937 1662 1979; x_wconf 82' lang='lat' dir='ltr'>exprimunt.</span> 
     </span>
    </p>
   </div>
   <div class='ocr_carea' id='block_1_15' title="bbox 479 1987 1197 2129">
    <p class='ocr_par' dir='ltr' id='par_1_16' title="bbox 479 1987 1197 2129">
     <span class='ocr_line' id='line_1_31' title="bbox 483 1987 1197 2028; baseline 0.003 -11"><span class='ocrx_word' id='word_1_283' title='bbox 483 1987 574 2025; x_wconf 85' lang='lat' dir='ltr'>ciant,</span> <span class='ocrx_word' id='word_1_284' title='bbox 598 1987 754 2028; x_wconf 78' lang='lat' dir='ltr'>alphabeti</span> <span class='ocrx_word' id='word_1_285' title='bbox 778 1987 893 2018; x_wconf 85' lang='lat' dir='ltr'>formas</span> <span class='ocrx_word' id='word_1_286' title='bbox 917 1992 1028 2019; x_wconf 89' lang='lat' dir='ltr'>natura</span> <span class='ocrx_word' id='word_1_287' title='bbox 1052 1988 1197 2019; x_wconf 76' lang='lat' dir='ltr'>imbuente</span> 
     </span>
     <span class='ocr_line' id='line_1_32' title="bbox 484 2038 1194 2080; baseline 0.003 -11"><span class='ocrx_word' id='word_1_288' title='bbox 484 2038 670 2069; x_wconf 74' lang='lat' dir='ltr'>describunt.</span> <span class='ocrx_word' id='word_1_289' title='bbox 709 2039 828 2070; x_wconf 71' lang='lat' dir='ltr'>citatur</span> <span class='ocrx_word' id='word_1_290' title='bbox 851 2040 962 2070; x_wconf 67' lang='lat' dir='ltr'>deinde</span> <span class='ocrx_word' id='word_1_291' title='bbox 978 2040 1118 2071; x_wconf 66' lang='lat' dir='ltr'>Helenus</span> <span class='ocrx_word' id='word_1_292' title='bbox 1142 2040 1194 2080; x_wconf 76' lang='lat' dir='ltr'>(ef.</span> 
     </span>
     <span class='ocr_line' id='line_1_33' title="bbox 479 2090 754 2129; baseline 0.004 -9"><span class='ocrx_word' id='word_1_293' title='bbox 479 2102 512 2129; x_wconf 69' lang='lat'>2³·</span> <span class='ocrx_word' id='word_1_294' title='bbox 536 2092 599 2121; x_wconf 68' lang='lat'>243</span> <span class='ocrx_word' id='word_1_295' title='bbox 622 2093 684 2122; x_wconf 69' lang='lat' dir='ltr'>not.</span> <span class='ocrx_word' id='word_1_296' title='bbox 713 2090 754 2128; x_wconf 71' lang='lat'>1).</span> 
     </span>
    </p>
   </div>
   <div class='ocr_carea' id='block_1_16' title="bbox 396 2184 2048 2651">
    <p class='ocr_par' dir='ltr' id='par_1_17' title="bbox 396 2184 2048 2651">
     <span class='ocr_line' id='line_1_34' title="bbox 508 2184 2048 2230; baseline 0 -14"><span class='ocrx_word' id='word_1_297' title='bbox 508 2186 630 2217; x_wconf 82' lang='lat' dir='ltr'>Praeter</span> <span class='ocrx_word' id='word_1_298' title='bbox 653 2187 802 2228; x_wconf 59' lang='lat' dir='ltr'>epistulas</span> <span class='ocrx_word' id='word_1_299' title='bbox 826 2187 975 2218; x_wconf 86' lang='lat' dir='ltr'>librorum</span> <span class='ocrx_word' id='word_1_300' title='bbox 993 2186 1124 2218; x_wconf 86' lang='lat' dir='ltr'>duorum</span> <span class='ocrx_word' id='word_1_301' title='bbox 1149 2188 1225 2219; x_wconf 72' lang='lat' dir='ltr'>sexti</span> <span class='ocrx_word' id='word_1_302' title='bbox 1244 2192 1274 2218; x_wconf 85' lang='grc'>1·1</span> <span class='ocrx_word' id='word_1_303' title='bbox 1290 2187 1423 2230; x_wconf 55' lang='lat' dir='ltr'>¹septimi,</span> <span class='ocrx_word' id='word_1_304' title='bbox 1446 2199 1523 2229; x_wconf 66' lang='lat' dir='ltr'>quas</span> <span class='ocrx_word' id='word_1_305' title='bbox 1540 2190 1648 2218; x_wconf 79' lang='lat' dir='ltr'>auctor</span> <span class='ocrx_word' id='word_1_306' title='bbox 1664 2186 1730 2228; x_wconf 86' lang='lat' dir='ltr'>ipse</span> <span class='ocrx_word' id='word_1_307' title='bbox 1746 2184 1895 2217; x_wconf 81' lang='lat' dir='ltr'>formulas</span> <span class='ocrx_word' id='word_1_308' title='bbox 1911 2185 2048 2228; x_wconf 84' lang='lat' dir='ltr'>appellat</span> 
     </span>
     <span class='ocr_line' id='line_1_35' title="bbox 397 2245 2048 2289; baseline 0 -13"><span class='ocrx_word' id='word_1_309' title='bbox 397 2257 494 2288; x_wconf 84' lang='lat' dir='ltr'>neque</span> <span class='ocrx_word' id='word_1_310' title='bbox 518 2247 608 2278; x_wconf 80' lang='lat' dir='ltr'>certis</span> <span class='ocrx_word' id='word_1_311' title='bbox 632 2248 771 2289; x_wconf 71' lang='lat' dir='ltr'>personis</span> <span class='ocrx_word' id='word_1_312' title='bbox 796 2248 963 2289; x_wconf 76' lang='lat' dir='ltr'>inscripsit,</span> <span class='ocrx_word' id='word_1_313' title='bbox 987 2247 1042 2278; x_wconf 81' lang='lat' dir='ltr'>sed</span> <span class='ocrx_word' id='word_1_314' title='bbox 1067 2248 1235 2279; x_wconf 68' lang='lat' dir='ltr'>honoribus</span> <span class='ocrx_word' id='word_1_315' title='bbox 1259 2249 1287 2278; x_wconf 91' lang='lat' dir='ltr'>in</span> <span class='ocrx_word' id='word_1_316' title='bbox 1309 2248 1447 2279; x_wconf 86' lang='lat' dir='ltr'>futurum</span> <span class='ocrx_word' id='word_1_317' title='bbox 1463 2247 1575 2279; x_wconf 84' lang='lat' dir='ltr'>(landis</span> <span class='ocrx_word' id='word_1_318' title='bbox 1599 2247 1642 2278; x_wconf 85' lang='lat' dir='ltr'>ita</span> <span class='ocrx_word' id='word_1_319' title='bbox 1658 2246 1835 2285; x_wconf 77' lang='lat' dir='ltr'>destinavit,</span> <span class='ocrx_word' id='word_1_320' title='bbox 1857 2250 1893 2277; x_wconf 87' lang='lat' dir='ltr'>ut</span> <span class='ocrx_word' id='word_1_321' title='bbox 1908 2245 2048 2287; x_wconf 87' lang='lat' dir='ltr'>quicum-</span> 
     </span>
     <span class='ocr_line' id='line_1_36' title="bbox 397 2305 2047 2350; baseline 0 -14"><span class='ocrx_word' id='word_1_322' title='bbox 397 2318 455 2347; x_wconf 84' lang='lat' dir='ltr'>que</span> <span class='ocrx_word' id='word_1_323' title='bbox 483 2312 659 2338; x_wconf 67' lang='lat' dir='ltr'>vrearcntur</span> <span class='ocrx_word' id='word_1_324' title='bbox 688 2308 725 2339; x_wconf 56' lang='lat' dir='ltr'>ii&gt;¹</span> <span class='ocrx_word' id='word_1_325' title='bbox 754 2313 834 2338; x_wconf 81' lang='lat' dir='ltr'>recte</span> <span class='ocrx_word' id='word_1_326' title='bbox 863 2309 1061 2339; x_wconf 72' lang='lat' dir='ltr'>cmivenirent</span> <span class='ocrx_word' id='word_1_327' title='bbox 1090 2309 1214 2339; x_wconf 86' lang='lat' dir='ltr'>nomine</span> <span class='ocrx_word' id='word_1_328' title='bbox 1244 2309 1394 2346; x_wconf 51' lang='lat' dir='ltr'>insa-tofi)</span> <span class='ocrx_word' id='word_1_329' title='bbox 1424 2309 1556 2350; x_wconf 85' lang='lat' dir='ltr'>reliquas</span> <span class='ocrx_word' id='word_1_330' title='bbox 1586 2319 1658 2339; x_wconf 73' lang='lat' dir='ltr'>vere</span> <span class='ocrx_word' id='word_1_331' title='bbox 1690 2307 1801 2338; x_wconf 83' lang='lat' dir='ltr'>missas</span> <span class='ocrx_word' id='word_1_332' title='bbox 1832 2317 1899 2337; x_wconf 85' lang='lat' dir='ltr'>esse</span> <span class='ocrx_word' id='word_1_333' title='bbox 1927 2305 1967 2337; x_wconf 84' lang='lat' dir='ltr'>ad</span> <span class='ocrx_word' id='word_1_334' title='bbox 1994 2317 2047 2336; x_wconf 84' lang='lat' dir='ltr'>eos</span> 
     </span>
     <span class='ocr_line' id='line_1_37' title="bbox 396 2365 2046 2410; baseline 0 -14"><span class='ocrx_word' id='word_1_335' title='bbox 396 2366 509 2407; x_wconf 68' lang='lat' dir='ltr'>quibus</span> <span class='ocrx_word' id='word_1_336' title='bbox 534 2367 699 2409; x_wconf 77' lang='lat' dir='ltr'>inscriptae</span> <span class='ocrx_word' id='word_1_337' title='bbox 721 2372 793 2398; x_wconf 80' lang='lat' dir='ltr'>sunt</span> <span class='ocrx_word' id='word_1_338' title='bbox 814 2373 844 2398; x_wconf 87' lang='lat' dir='ltr'>et</span> <span class='ocrx_word' id='word_1_339' title='bbox 859 2373 966 2399; x_wconf 82' lang='lat' dir='ltr'>auctor</span> <span class='ocrx_word' id='word_1_340' title='bbox 981 2369 1025 2399; x_wconf 81' lang='lat' dir='ltr'>ait</span> <span class='ocrx_word' id='word_1_341' title='bbox 1041 2380 1095 2398; x_wconf 83' lang='lat' dir='ltr'>nec</span> <span class='ocrx_word' id='word_1_342' title='bbox 1112 2368 1200 2399; x_wconf 79' lang='lat' dir='ltr'>facile</span> <span class='ocrx_word' id='word_1_343' title='bbox 1216 2369 1381 2410; x_wconf 76' lang='lat' dir='ltr'>qnisquam</span> <span class='ocrx_word' id='word_1_344' title='bbox 1405 2369 1434 2399; x_wconf 94' lang='lat' dir='ltr'>in</span> <span class='ocrx_word' id='word_1_345' title='bbox 1452 2368 1676 2399; x_wconf 80' lang='lat' dir='ltr'>dubitationem</span> <span class='ocrx_word' id='word_1_346' title='bbox 1694 2367 1826 2399; x_wconf 81' lang='lat' dir='ltr'>vocabit.</span> <span class='ocrx_word' id='word_1_347' title='bbox 1873 2365 1928 2397; x_wconf 87' lang='lat' dir='ltr'>sed</span> <span class='ocrx_word' id='word_1_348' title='bbox 1943 2370 2046 2397; x_wconf 86' lang='lat' dir='ltr'>tamen</span> 
     </span>
     <span class='ocr_line' id='line_1_38' title="bbox 396 2427 2047 2470; baseline -0.001 -13"><span class='ocrx_word' id='word_1_349' title='bbox 396 2427 546 2468; x_wconf 74' lang='lat' dir='ltr'>epistulae</span> <span class='ocrx_word' id='word_1_350' title='bbox 576 2429 708 2470; x_wconf 75' lang='lat' dir='ltr'>scriptae</span> <span class='ocrx_word' id='word_1_351' title='bbox 738 2428 863 2470; x_wconf 84' lang='lat' dir='ltr'>publico</span> <span class='ocrx_word' id='word_1_352' title='bbox 898 2429 1020 2459; x_wconf 84' lang='lat' dir='ltr'>nomine</span> <span class='ocrx_word' id='word_1_353' title='bbox 1056 2440 1110 2470; x_wconf 85' lang='lat' dir='ltr'>per</span> <span class='ocrx_word' id='word_1_354' title='bbox 1139 2433 1278 2470; x_wconf 76' lang='lat' dir='ltr'>tempora</span> <span class='ocrx_word' id='word_1_355' title='bbox 1307 2428 1572 2459; x_wconf 82' lang='lat' dir='ltr'>turbulentissima</span> <span class='ocrx_word' id='word_1_356' title='bbox 1605 2440 1623 2459; x_wconf 87' lang='lat' dir='ltr'>a</span> <span class='ocrx_word' id='word_1_357' title='bbox 1654 2439 1775 2458; x_wconf 70' lang='lat' dir='ltr'>summo</span> <span class='ocrx_word' id='word_1_358' title='bbox 1804 2427 1987 2467; x_wconf 80' lang='lat' dir='ltr'>magistratu</span> <span class='ocrx_word' id='word_1_359' title='bbox 2016 2431 2047 2457; x_wconf 85' lang='lat' dir='ltr'>et</span> 
     </span>
     <span class='ocr_line' id='line_1_39' title="bbox 398 2486 2047 2529; baseline -0.001 -12"><span class='ocrx_word' id='word_1_360' title='bbox 398 2488 428 2518; x_wconf 91' lang='lat' dir='ltr'>in</span> <span class='ocrx_word' id='word_1_361' title='bbox 458 2499 557 2519; x_wconf 83' lang='lat' dir='ltr'>rerum</span> <span class='ocrx_word' id='word_1_362' title='bbox 586 2489 730 2519; x_wconf 69' lang='lat' dir='ltr'>fluctibus</span> <span class='ocrx_word' id='word_1_363' title='bbox 760 2489 910 2520; x_wconf 74' lang='lat' dir='ltr'>collocato</span> <span class='ocrx_word' id='word_1_364' title='bbox 938 2489 1172 2520; x_wconf 79' lang='lat' dir='ltr'>admirationem</span> <span class='ocrx_word' id='word_1_365' title='bbox 1200 2495 1327 2521; x_wconf 72' lang='lat' dir='ltr'>movent.</span> <span class='ocrx_word' id='word_1_366' title='bbox 1353 2490 1489 2520; x_wconf 83' lang='lat' dir='ltr'>exilitate.</span> <span class='ocrx_word' id='word_1_367' title='bbox 1512 2500 1569 2520; x_wconf 75' lang='lat' dir='ltr'>sua</span> <span class='ocrx_word' id='word_1_368' title='bbox 1591 2493 1622 2519; x_wconf 87' lang='lat' dir='ltr'>et</span> <span class='ocrx_word' id='word_1_369' title='bbox 1645 2487 1884 2529; x_wconf 76' lang='lat' dir='ltr'>vaniloquentia.</span> <span class='ocrx_word' id='word_1_370' title='bbox 1929 2486 2047 2528; x_wconf 79' lang='lat' dir='ltr'>sylloge</span> 
     </span>
     <span class='ocr_line' id='line_1_40' title="bbox 398 2546 2047 2601; baseline -0.002 -22"><span class='ocrx_word' id='word_1_371' title='bbox 398 2548 628 2580; x_wconf 65' lang='lat' dir='ltr'>Cassisultwana</span> <span class='ocrx_word' id='word_1_372' title='bbox 657 2550 687 2580; x_wconf 88' lang='grc'>111</span> <span class='ocrx_word' id='word_1_373' title='bbox 717 2550 785 2591; x_wconf 77' lang='lat' dir='ltr'>ipso</span> <span class='ocrx_word' id='word_1_374' title='bbox 813 2549 851 2580; x_wconf 77' lang='lat' dir='ltr'>de</span> <span class='ocrx_word' id='word_1_375' title='bbox 885 2550 1015 2592; x_wconf 77' lang='lat' dir='ltr'>imperio</span> <span class='ocrx_word' id='word_1_376' title='bbox 1048 2550 1160 2580; x_wconf 69' lang='lat' dir='ltr'>Italiae</span> <span class='ocrx_word' id='word_1_377' title='bbox 1192 2549 1368 2580; x_wconf 80' lang='lat' dir='ltr'>Gothorum</span> <span class='ocrx_word' id='word_1_378' title='bbox 1397 2550 1680 2591; x_wconf 77' lang='lat' dir='ltr'>Byzantiorumque</span> <span class='ocrx_word' id='word_1_379' title='bbox 1709 2548 1853 2601; x_wconf 68' lang='lat' dir='ltr'>conflictu</span> <span class='ocrx_word' id='word_1_380' title='bbox 1887 2546 1968 2577; x_wconf 88' lang='lat' dir='ltr'>bello</span> <span class='ocrx_word' id='word_1_381' title='bbox 1999 2546 2047 2577; x_wconf 85' lang='lat' dir='ltr'>fu-</span> 
     </span>
     <span class='ocr_line' id='line_1_41' title="bbox 398 2605 2046 2651; baseline -0.002 -12"><span class='ocrx_word' id='word_1_382' title='bbox 398 2614 481 2639; x_wconf 86' lang='lat' dir='ltr'>rente</span> <span class='ocrx_word' id='word_1_383' title='bbox 505 2609 729 2651; x_wconf 75' lang='lat' dir='ltr'>propemodum</span> <span class='ocrx_word' id='word_1_384' title='bbox 755 2610 942 2641; x_wconf 75' lang='lat' dir='ltr'>internecivo</span> <span class='ocrx_word' id='word_1_385' title='bbox 965 2610 1047 2641; x_wconf 82' lang='lat' dir='ltr'>edita</span> <span class='ocrx_word' id='word_1_386' title='bbox 1069 2609 1153 2651; x_wconf 84' lang='grc'><strong>11111111</strong></span> <span class='ocrx_word' id='word_1_387' title='bbox 1177 2610 1296 2641; x_wconf 87' lang='lat' dir='ltr'>nullum</span> <span class='ocrx_word' id='word_1_388' title='bbox 1320 2610 1449 2641; x_wconf 79' lang='lat' dir='ltr'>verbum</span> <span class='ocrx_word' id='word_1_389' title='bbox 1473 2610 1578 2646; x_wconf 83' lang='lat' dir='ltr'>habet,</span> <span class='ocrx_word' id='word_1_390' title='bbox 1606 2621 1668 2651; x_wconf 87' lang='lat' dir='ltr'>quo</span> <span class='ocrx_word' id='word_1_391' title='bbox 1695 2613 1749 2639; x_wconf 86' lang='lat' dir='ltr'>ant</span> <span class='ocrx_word' id='word_1_392' title='bbox 1772 2607 1920 2639; x_wconf 77' lang='lat' dir='ltr'>Germani</span> <span class='ocrx_word' id='word_1_393' title='bbox 1950 2605 2046 2637; x_wconf 81' lang='lat' dir='ltr'>offen-</span> 
     </span>
    </p>
   </div>
   <div class='ocr_carea' id='block_1_17' title="bbox 397 2666 2046 2712">
    <p class='ocr_par' dir='ltr' id='par_1_18' title="bbox 397 2666 2046 2712">
     <span class='ocr_line' id='line_1_42' title="bbox 397 2666 2046 2712; baseline -0.002 -13"><span class='ocrx_word' id='word_1_394' title='bbox 397 2668 510 2700; x_wconf 84' lang='lat' dir='ltr'>dantur</span> <span class='ocrx_word' id='word_1_395' title='bbox 533 2674 585 2700; x_wconf 87' lang='lat' dir='ltr'>ant</span> <span class='ocrx_word' id='word_1_396' title='bbox 609 2669 816 2707; x_wconf 70' lang='lat' dir='ltr'>Iustinianus,</span> <span class='ocrx_word' id='word_1_397' title='bbox 845 2671 1001 2711; x_wconf 77' lang='lat' dir='ltr'>ingenium</span> <span class='ocrx_word' id='word_1_398' title='bbox 1033 2670 1168 2701; x_wconf 71' lang='lat' dir='ltr'>auctoris</span> <span class='ocrx_word' id='word_1_399' title='bbox 1197 2674 1325 2701; x_wconf 70' lang='lat' dir='ltr'>testatur</span> <span class='ocrx_word' id='word_1_400' title='bbox 1349 2675 1379 2701; x_wconf 85' lang='lat' dir='ltr'>et</span> <span class='ocrx_word' id='word_1_401' title='bbox 1402 2669 1551 2712; x_wconf 85' lang='lat' dir='ltr'>pavidum</span> <span class='ocrx_word' id='word_1_402' title='bbox 1576 2674 1606 2700; x_wconf 78' lang='lat' dir='ltr'>et</span> <span class='ocrx_word' id='word_1_403' title='bbox 1628 2668 1774 2700; x_wconf 84' lang='lat' dir='ltr'>callidum</span> <span class='ocrx_word' id='word_1_404' title='bbox 1802 2671 1832 2698; x_wconf 85' lang='lat' dir='ltr'>et</span> <span class='ocrx_word' id='word_1_405' title='bbox 1859 2667 1900 2697; x_wconf 87' lang='lat' dir='ltr'>ita</span> <span class='ocrx_word' id='word_1_406' title='bbox 1923 2666 2046 2697; x_wconf 87' lang='lat' dir='ltr'>umbra-</span> 
     </span>
    </p>
   </div>
   <div class='ocr_carea' id='block_1_18' title="bbox 397 2779 2045 2860">
    <p class='ocr_par' dir='ltr' id='par_1_19' title="bbox 397 2779 2045 2860">
     <span class='ocr_line' id='line_1_43' title="bbox 504 2779 2045 2816; baseline -0.001 -11"><span class='ocrx_word' id='word_1_407' title='bbox 504 2783 527 2813; x_wconf 87' lang='lat'>1)</span> <span class='ocrx_word' id='word_1_408' title='bbox 548 2783 627 2814; x_wconf 83' lang='lat' dir='ltr'>Prope</span> <span class='ocrx_word' id='word_1_409' title='bbox 650 2782 683 2806; x_wconf 85' lang='lat' dir='ltr'>ad</span> <span class='ocrx_word' id='word_1_410' title='bbox 706 2783 752 2806; x_wconf 76' lang='lat' dir='ltr'>has</span> <span class='ocrx_word' id='word_1_411' title='bbox 775 2784 899 2808; x_wconf 83' lang='lat' dir='ltr'>accedunt</span> <span class='ocrx_word' id='word_1_412' title='bbox 923 2785 1045 2816; x_wconf 76' lang='lat' dir='ltr'>epistulae</span> <span class='ocrx_word' id='word_1_413' title='bbox 1068 2784 1185 2816; x_wconf 82' lang='lat' dir='ltr'>pluribus</span> <span class='ocrx_word' id='word_1_414' title='bbox 1203 2782 1325 2815; x_wconf 75' lang='lat' dir='ltr'>exemplis</span> <span class='ocrx_word' id='word_1_415' title='bbox 1344 2783 1417 2807; x_wconf 79' lang='lat' dir='ltr'>datae</span> <span class='ocrx_word' id='word_1_416' title='bbox 1436 2782 1549 2814; x_wconf 81' lang='lat' dir='ltr'>adeoque</span> <span class='ocrx_word' id='word_1_417' title='bbox 1568 2781 1675 2814; x_wconf 81' lang='lat' dir='ltr'>singulis</span> <span class='ocrx_word' id='word_1_418' title='bbox 1701 2781 1775 2805; x_wconf 86' lang='lat' dir='ltr'>annis</span> <span class='ocrx_word' id='word_1_419' title='bbox 1794 2780 1929 2812; x_wconf 76' lang='lat' dir='ltr'>repetitae,</span> <span class='ocrx_word' id='word_1_420' title='bbox 1955 2779 2045 2811; x_wconf 82' lang='lat' dir='ltr'>quales</span> 
     </span>
     <span class='ocr_line' id='line_1_44' title="bbox 397 2824 1733 2860; baseline -0.003 -7"><span class='ocrx_word' id='word_1_421' title='bbox 397 2831 456 2851; x_wconf 76' lang='lat' dir='ltr'>suut</span> <span class='ocrx_word' id='word_1_422' title='bbox 475 2827 511 2850; x_wconf 77' lang='lat' dir='ltr'>XI</span> <span class='ocrx_word' id='word_1_423' title='bbox 531 2826 552 2851; x_wconf 78' lang='grc' dir='ltr'>Ῑ-</span> <span class='ocrx_word' id='word_1_424' title='bbox 573 2827 620 2850; x_wconf 77' lang='lat' dir='ltr'>XII</span> <span class='ocrx_word' id='word_1_425' title='bbox 642 2826 663 2850; x_wconf 73' lang='lat'>1.</span> <span class='ocrx_word' id='word_1_426' title='bbox 676 2824 700 2851; x_wconf 62' lang='lat'>*2-</span> <span class='ocrx_word' id='word_1_427' title='bbox 717 2826 758 2853; x_wconf 72' lang='lat' dir='ltr'>lti:</span> <span class='ocrx_word' id='word_1_428' title='bbox 779 2827 816 2850; x_wconf 79' lang='lat' dir='ltr'>his</span> <span class='ocrx_word' id='word_1_429' title='bbox 835 2836 936 2859; x_wconf 76' lang='lat' dir='ltr'>quoque</span> <span class='ocrx_word' id='word_1_430' title='bbox 955 2829 1056 2853; x_wconf 75' lang='lat' dir='ltr'>nomina</span> <span class='ocrx_word' id='word_1_431' title='bbox 1076 2829 1175 2860; x_wconf 81' lang='lat' dir='ltr'>propria</span> <span class='ocrx_word' id='word_1_432' title='bbox 1195 2827 1265 2851; x_wconf 81' lang='lat' dir='ltr'>nulla</span> <span class='ocrx_word' id='word_1_433' title='bbox 1283 2827 1377 2851; x_wconf 67' lang='lat' dir='ltr'>inserta</span> <span class='ocrx_word' id='word_1_434' title='bbox 1397 2834 1451 2850; x_wconf 76' lang='lat' dir='ltr'>esse</span> <span class='ocrx_word' id='word_1_435' title='bbox 1470 2829 1668 2850; x_wconf 76' lang='lat' dir='ltr'>consentaneum</span> <span class='ocrx_word' id='word_1_436' title='bbox 1688 2828 1733 2849; x_wconf 79' lang='lat' dir='ltr'>est.</span> 
     </span>
    </p>
   </div>
  </div>
 </body>
</html>
