2279 3261
738 187 934 213 vAniARvivi
955 187 1014 218 xii,
1034 187 1074 214 10.
1095 188 1133 214 11.
1156 188 1194 214 12.
1731 192 1792 221 359

140 273 268 315 quando
294 274 400 315 potior
423 274 453 304 in
478 274 627 305 humanis
652 274 749 305 rebus
774 274 929 305 redditur.
955 274 995 305 de
1013 275 1103 305 cuius
1122 275 1243 317 aliquid
1261 276 1407 307 claritate
1425 279 1620 317 praestatur.
1659 287 1793 307 munera

139 326 200 356 ista
224 325 399 361 Quiritium
425 330 507 356 sunt.
549 337 611 356 11011
636 326 798 368 subripiat
822 327 927 357 locum
952 326 1045 358 liberi
1071 327 1201 358 fortuna
1227 327 1363 359 servilis.
1402 328 1431 358 111
1455 328 1660 359 maiestatem
1684 329 1791 370 populi

140 376 279 408 Romani
306 380 428 418 peceat,
453 378 506 419 qui
533 378 698 419 sauguinis
722 379 807 409 illius
834 379 1007 420 puritatem
1033 379 1226 410 famulorum
1253 380 1412 410 societate
1438 380 1662 410 commaculat.

928 555 1005 586 XII.

337 624 592 656 ANASTASIO
618 624 936 655 CANCELLARIO
962 624 1195 671 LUCQIAE
1222 624 1278 654 ET
1304 623 1598 654 BRUTTIORUM

804 675 1012 707 SENATOR
1036 676 1131 707 PPO.

245 744 325 775 Cum
351 745 435 786 apud
461 745 625 776 dominum
652 756 757 776 rerum
783 745 933 776 sollemni
960 756 1093 776 munere
1119 744 1352 787 pranderemus
1379 748 1410 775 et
1435 744 1584 775 diversae
1607 745 1792 785 provinciae

140 796 179 827 de
210 797 275 827 suis
309 797 435 827 deliciis
466 797 690 831 laudarentur.
723 797 762 828 ad
794 798 868 828 vina
892 797 1091 828 Bruttiorum
1118 801 1149 828 et
1174 797 1276 828 Silani
1302 796 1387 826 casei
1413 796 1607 826 suavitatem
1633 799 1793 829 currente.

140 851 174 878 ut
198 848 329 883 assolet,
355 860 504 880 sermone
529 854 721 891 perventum
746 853 809 881 est:
837 849 920 891 quod
946 849 1119 880 herbarum
1143 849 1302 880 beneficio
1324 851 1414 878 tanta
1430 848 1474 878 ibi
1493 851 1628 879 naturae
1648 848 1793 878 iucundi-

139 903 206 931 tate
239 901 420 935 conficitur,
454 905 488 931 ut
517 912 580 932 non
613 901 726 932 eredas
761 901 875 933 deesse
906 902 1011 932 mellis
1036 905 1182 942 gustum,
1217 911 1311 941 quem
1337 901 1425 931 nulla
1451 900 1611 941 conspicis
1638 900 1794 941 qualitate

140 952 346 992 permixtum.
400 957 511 984 manat
541 953 604 984 illie
636 953 752 984 leviter
781 957 991 995 provocatum
1022 953 1071 983 lae
1102 952 1258 983 uberibus
1288 953 1444 983 fistulosis
1473 956 1505 982 et
1536 952 1626 992 quasi
1657 952 1688 982 in
1714 952 1795 982 alios

141 1006 270 1034 ventres
301 1007 436 1035 naturae
461 1005 612 1036 ubertate
638 1005 808 1036 collectum
835 1016 897 1035 non
922 1005 1022 1046 guttis
1048 1005 1190 1046 impluit.
1224 1004 1279 1035 sed
1305 1004 1499 1046 quibusdam
1523 1004 1704 1045 repentinis
1730 1008 1794 1034 tor-

140 1055 287 1086 rentibus
312 1056 480 1087 influescit.
520 1056 644 1087 redolet
668 1057 776 1087 suavis
794 1060 825 1087 et
842 1057 949 1087 varius
967 1056 1047 1087 odor
1063 1056 1251 1087 herbarum:
1281 1056 1413 1087 naribus
1431 1056 1618 1096 agnoscitur
1635 1054 1796 1096 pecudum

141 1110 263 1147 pastus„
287 1107 339 1148 qui
359 1108 505 1149 fragrans
524 1108 641 1139 virtute
659 1108 788 1139 diversa
807 1109 907 1139 thuris
927 1109 1064 1139 sentitur
1081 1108 1239 1149 inspirare
1257 1107 1383 1138 similia.
1424 1107 1509 1137 Huic
1526 1110 1616 1137 tanta
1632 1106 1795 1148 pinguedo

140 1159 295 1196 sociatur,
327 1162 362 1189 ut
391 1159 556 1190 arbitreris
588 1160 680 1190 simul
711 1159 885 1191 decurrere
911 1160 1092 1191 Palladium
1118 1160 1292 1201 liquorem⁷
1326 1160 1386 1189 nisi
1412 1159 1497 1200 quod
1522 1158 1561 1189 ab
1588 1159 1642 1189 illa
1668 1159 1798 1200 prasina

140 1209 302 1241 viriditate
333 1211 427 1241 niveo
459 1211 599 1242 candore
631 1211 834 1242 discernitur,
888 1216 963 1242 tune
999 1211 1088 1241 eadis
1121 1211 1186 1241 late
1216 1211 1403 1252 patentibus
1437 1211 1529 1252 eopia
1559 1211 1613 1241 illa
1638 1210 1796 1241 mirabilis

140 1261 226 1292 laeto
258 1262 390 1293 nimium
424 1267 554 1304 pastore
588 1266 740 1304 suscepta
773 1274 844 1294 cum
875 1263 1087 1294 ammixtione
1119 1263 1246 1303 coaguli
1271 1263 1302 1293 111
1328 1263 1482 1293 callosam
1507 1263 1651 1304 eoeperit
1677 1263 1796 1293 teneri-

1611 703 1640 722 a..
1660 695 1796 731 ‚1333s537

142 1314 287 1345 tudinem
312 1315 492 1352 condurari,
519 1315 558 1346 ad
584 1316 837 1357 pulcherrimum
859 1315 968 1346 orbem
990 1316 1092 1346 forma
1111 1315 1308 1357 perducitur.
1334 1326 1416 1355 quae
1435 1315 1655 1345 subterraneis
1674 1314 1797 1345 horreis

141 1366 379 1407 aliquantulum
419 1373 619 1409 congregata
658 1367 842 1398 diuturnam
879 1368 966 1398 ease-i
1002 1368 1078 1398 facit
1115 1378 1187 1398 esse
1225 1367 1450 1398 substantiam.
1509 1366 1570 1397 hoe
1607 1366 1798 1407 quantocius

141 1419 426 1460 superimpositum
457 1420 594 1461 navigiis
625 1419 820 1457 destinabis,
853 1423 888 1450 ut
918 1419 1090 1450 desideriis
1122 1419 1286 1460 regalibus
1317 1429 1415 1460 parvo
1440 1429 1573 1449 munere
1598 1419 1798 1449 satisfecisse

140 1470 318 1501 videamur.
364 1471 485 1502 Vinum
515 1482 657 1513 quoque,
692 1471 776 1513 quod
806 1471 939 1502 laudare
970 1471 1104 1513 cupiens
1134 1471 1374 1501 Palmatianum
1406 1471 1584 1501 nominavit
1608 1471 1795 1512 antiquitast
1817 1477 1827 1495 2¹

142 1532 200 1553 nos
220 1523 355 1564 stipsim„
381 1534 543 1565 asperum.
570 1523 626 1554 sed
645 1527 773 1565 gratum
791 1523 950 1554 suavitate
969 1523 1129 1565 perquire.
1168 1533 1242 1553 nam
1260 1523 1334 1553 lieet
1351 1522 1434 1553 inter
1451 1522 1523 1553 vina
1541 1522 1668 1553 Bruttia
1685 1522 1796 1553 videa-

141 1578 191 1605 tur
216 1578 409 1611 extremum.
434 1576 556 1606 factum
582 1579 690 1606 tamen
716 1579 764 1606 est
788 1586 891 1617 paene
916 1575 1063 1616 generali
1088 1575 1240 1616 opinione
1265 1575 1488 1616 praecipuum.
1527 1574 1570 1605 ibi
1596 1574 1681 1605 enim
1704 1585 1796 1616 repe-

143 1626 223 1656 ritur
255 1631 287 1657 et
312 1626 435 1658 Gazeto
466 1638 525 1669 par
555 1632 587 1658 et
613 1627 733 1658 Sabino
766 1627 870 1658 simile
902 1630 934 1658 et
967 1627 1092 1668 magnis
1124 1626 1274 1657 odoribus
1304 1626 1478 1667 singulare.
1531 1625 1596 1657 Sed
1621 1627 1695 1667 quia
1720 1626 1798 1657 illud

140 1678 259 1709 famam
290 1678 351 1708 sibi
380 1678 611 1710 nobilissimam
644 1679 834 1710 vindicavit.
866 1679 925 1710 hoc
956 1683 988 1709 et
1017 1679 1046 1709 in
1077 1689 1135 1709 suo
1160 1689 1281 1720 genere
1307 1678 1400 1708 nimis
1427 1678 1560 1718 elegans
1584 1678 1797 1719 perquiratur.

141 1741 180 1761 ne
206 1730 378 1772 prudentia
403 1732 559 1762 maiorum
584 1731 705 1773 aliquid
731 1732 916 1774 appellasse
943 1731 1091 1762 videatur
1115 1731 1325 1772 inproprium.
1366 1733 1416 1760 est
1441 1730 1526 1760 enim
1552 1729 1642 1760 suavi
1661 1730 1794 1771 pingue·
1817 1736 1833 1754 2-

142 1782 214 1813 dine
244 1782 385 1813 molliter
416 1794 574 1819 crassmm
606 1784 780 1815 vivacitate
805 1784 1040 1822 firmissimum,
1074 1794 1150 1814 nare
1177 1783 1370 1817 violentum,
1404 1781 1543 1812 candore
1569 1791 1696 1822 quoque
1722 1792 1796 1822 per-

142 1835 302 1876 spicuum,
335 1834 419 1875 quod
448 1836 493 1866 ita
521 1835 645 1867 redolet
675 1847 730 1867 ore
760 1838 937 1873 ructatum,
970 1838 1005 1865 ut
1035 1835 1148 1865 merito
1174 1835 1221 1865 illi
1245 1846 1264 1865 a
1288 1834 1396 1876 palma
1421 1843 1537 1863 nomen
1565 1832 1713 1863 videatur
1737 1833 1796 1864 im-

141 1887 293 1927 positum.
340 1886 475 1918 Viscera
504 1887 632 1918 defecta
660 1888 865 1929 constringit,
897 1887 1032 1918 vulnera
1061 1886 1189 1917 madida
1219 1886 1377 1921 desiccat„
1410 1886 1530 1915 lassum
1558 1885 1661 1915 reficit
1684 1888 1797 1926 peetus

143 1942 175 1969 et
200 1938 284 1979 quod
311 1939 364 1969 vix
389 1940 558 1980 praevalet
583 1940 717 1981 implere
743 1944 838 1982 potus
863 1943 931 1970 arte
957 1939 1166 1980 compositus,
1192 1939 1244 1969 hic
1270 1938 1461 1969 naturaliter
1486 1940 1631 1979 praestat
1649 1937 1797 1967 infectus.

143 1989 199 2020 sed
224 1989 357 2031 provide
382 1995 416 2021 ut
441 2001 538 2032 supra
562 1992 664 2022 dictas
689 1992 815 2034 speeies
841 1995 974 2023 exactas
999 1991 1121 2022 debeas
1147 1991 1321 2023 destinare.
1347 1990 1421 2032 quia
1443 1989 1512 2019 falli
1530 1999 1594 2018 non
1612 1999 1795 2030 possumus,

246 2138 536 2170 BZNJx'E(F).-H(GJ)
556 2148 601 2163 om.
622 2148 660 2171 cp.
678 2138 705 2163 ll
720 2140 770 2171 fin.
789 2138 856 2169 (m'cle
876 2137 965 2169 autea.)
984 2143 1005 2163 el
1024 2147 1061 2170 ep.
1079 2137 1108 2162 12
1128 2142 1242 2169 (praeter
1261 2146 1282 2162 r.
1299 2136 1329 2161 111
1349 2140 1434 2161 manat
1453 2150 1484 2153 -
1506 2136 1537 2160 13
1557 2136 1658 2160 similia)

251 2229 260 2253 1
282 2228 391 2262 quando]
412 2230 531 2261 quoniam
552 2230 575 2254 11
687 2229 702 2254 2
721 2228 777 2261 ista]
799 2230 844 2254 illa
863 2230 891 2254 K
964 2228 1104 2261 quiritium]
1125 2229 1157 2259 B,
1176 2228 1299 2260 quiritum
1319 2228 1408 2259 reliqui
1483 2228 1607 2259 suscipiat
1627 2227 1655 2250 N
1724 2228 1797 2251 111111114

143 2275 208 2296 state
227 2272 280 2296 EF
358 2282 418 2298 rom.
438 2282 495 2306 pop.
516 2274 538 2297 11
657 2273 672 2297 G
691 2273 755 2297 dom.
776 2272 835 2305 rer.]
856 2273 887 2303 B,
906 2282 952 2298 rer.
973 2274 1037 2297 (10111.
1058 2273 1149 2304 reliqui
1229 2270 1343 2302 munere]
1363 2280 1431 2295 more
1452 2271 1554 2295 REM
1670 2269 1683 2293 Τ
1704 2270 1798 2294 bruti-1<

143 2324 199 2340 rum
214 2315 238 2339 B
303 2317 377 2341 silani
395 2317 461 2341 casei
480 2315 644 2348 suauitatem]
664 2325 676 2341 c
689 2317 833 2341 coniectura
849 2317 946 2341 L'zciacii
959 2316 1101 2341 For-nerins
1114 2316 1140 2339 in
1152 2324 1243 2347 marq.y
1262 2316 1370 2340 silaniea
1388 2315 1512 2343 (sillauiea
1526 2314 1592 2338 EF)
1611 2314 1633 2337 ei
1648 2312 1689 2338 (ex
1704 2311 1798 2345 F²['?])

143 2359 271 2383 suauitate
291 2360 350 2383 libri
443 2359 459 2384 S
480 2364 630 2392 prouentum
651 2359 674 2383 A
740 2359 886 2392 herbarum]
906 2360 932 2384 in
952 2360 1089 2384 herbarum
1109 2359 1133 2382 B
1194 2363 1269 2383 tantu
1288 2358 1312 2381 Z
1372 2362 1478 2382 naturae
1497 2366 1544 2381 om.
1567 2357 1606 2381 K¹
1706 2356 1722 2380 9
1741 2365 1799 2380 con-

143 2402 224 2426 fititur
243 2402 274 2432 B,
293 2403 422 2435 perficitur
440 2402 468 2427 F
565 2402 596 2427 lO
615 2403 650 2426 illi
671 2403 699 2426 H
768 2402 859 2427 leuiter
878 2411 924 2426 om.
946 2401 1019 2425 HGI
1118 2401 1147 2424 11
1168 2401 1286 2425 libertate
1306 2400 1355 2424 KG
1428 2399 1543 2431 impleuit
1563 2399 1614 2423 HG
1716 2398 1744 2423 12
1764 2399 1801 2422 111-

144 2446 262 2469 tumescit
275 2446 297 2469 11
350 2444 453 2478 redolet]
472 2446 557 2471 reddet
572 2446 598 2469 Ε
684 2444 715 2470 13
734 2446 777 2477 qui
791 2445 822 2468 H
865 2446 984 2477 fragrans
996 2444 1128 2473 ZNEFG,
1147 2445 1256 2476 flagrans
1269 2443 1391 2467 le’liffl
1447 2443 1548 2467 diuersa
1563 2451 1608 2467 0111..
1623 2442 1694 2466 Jlo'l
1745 2451 1799 2466 seu-

144 2487 214 2521 titur]
234 2489 327 2513 sentire
347 2489 375 2513 K
489 2488 519 2513 14
538 2487 681 2520 decurrere]
703 2489 826 2520 inspirare
846 2488 875 2512 X
951 2489 1046 2520 prasini
1066 2487 1094 2511 F
1207 2486 1238 2510 1ἴ)
1257 2486 1342 2518 niueo]
1364 2487 1440 2510 niueo
1460 2485 1510 2515 ΕΙ,
1528 2486 1590 2510 miro
1611 2485 1662 2509 ΖΝ
1738 2484 1799 2516 late]

144 2531 202 2556 labe
221 2531 292 2556 E¹F
347 2532 420 2565 laeto]
441 2533 495 2557 loeo
516 2533 538 2556 11
638 2532 668 2556 111
688 2532 807 2556 nimirum
827 2532 851 2555 11
914 2531 995 2563 cagoli
1014 2531 1055 2555 F¹
1118 2530 1288 2555 teneritudine
1308 2530 1332 2553 Z
1424 2528 1454 2553 18
1473 2534 1653 2561 congregatam
1674 2529 1697 2553 L·
1760 2538 1799 2553 ca<

144 2582 214 2599 seam
234 2575 257 2598 B
318 2576 378 2600 fecit
398 2575 419 2599 11
483 2584 537 2600 esse
556 2584 603 2599 om.
628 2575 669 2598 lfa
732 2584 807 2606 quam
826 2575 908 2599 tocius
927 2574 959 2605 B,
978 2583 1055 2606 quam
1074 2574 1152 2598 tetius
1169 2573 1222 2597 EF
1315 2572 1348 2597 20
1367 2571 1467 2604 uinum]
1487 2581 1567 2596 unum
1583 2572 1606 2596 B
1703 2572 1733 2596 21
1755 2581 1800 2596 nos

145 2616 191 2647 (sic
210 2617 310 2648 ZK2A,
329 2627 379 2642 uon
400 2618 534 2649 NK¹EF)
553 2619 650 2650 stipsim
671 2616 789 2650 (stipsum
808 2618 844 2649 K)
863 2626 982 2650 asperum
1002 2621 1144 2649 (aspersum
1160 2616 1211 2646 E¹‚
1230 2626 1243 2641 a
1263 2617 1353 2648 spiritu
1368 2614 1414 2647 111]
1433 2615 1595 2645 ΖΝΚΕΕΛ,
1613 2624 1658 2639 nos
1678 2615 1725 2647 (sp.
1747 2624 1799 2639 rac.

145 2663 161 2684 4
174 2660 230 2691 lin.)
246 2661 271 2685 111
285 2669 403 2693 asperum
417 2661 441 2685 B
495 2662 640 2693 perquirere
658 2661 693 2684 [5¹
750 2660 854 2693 bruttia]
866 2661 920 2685 ΒΚ
998 2659 1031 2684 22
1049 2664 1110 2685 tam.
1124 2659 1170 2692 est]
1183 2659 1266 2687 ZNK,
1280 2664 1318 2684 est
1330 2664 1390 2684 tam.
1405 2659 1459 2687 EF,
1473 2664 1510 2683 est
1521 2659 1545 2683 B
1624 2658 1656 2683 :²3
1675 2667 1754 2690 gazeo
1769 2658 1800 2683 Is.

144 2709 233 2736 gazato
252 2704 306 2728 EF
419 2704 452 2729 ‘24
471 2706 516 2729 sib.
538 2706 597 2729 t'am.
617 2706 673 2729 nob.
696 2706 763 2729 uind.
785 2705 819 2736 Κ,
839 2706 898 2729 fani.
919 2705 976 2729 nob.
997 2705 1042 2729 sib.
1064 2705 1133 2729 uind.
1155 2704 1187 2734 N,
1207 2705 1263 2728 fam.
1285 2704 1330 2727 sib.
1351 2703 1418 2727 uind.
1440 2703 1497 2727 nob.
1518 2701 1571 2726 EF
1691 2701 1723 2725 ‘25
1743 2710 1800 2733 pru-

145 2747 254 2771 dentiam
274 2747 297 2771 11
397 2747 430 2772 26
450 2748 557 2773 melliter
576 2748 617 2772 15²
679 2757 797 2780 grassum
817 2747 888 2771 E¹F
945 2747 998 2771 uiu.
1018 2748 1055 2773 (111
1075 2748 1186 2772 uaeitate
1206 2746 1239 2776 B)
1260 2744 1335 2778 firnr]
1356 2747 1420 2770 firm.
1441 2746 1493 2769 uiu.
1514 2745 1567 2768 EF
1664 2743 1695 2767 27
1716 2748 1799 2768 ructa-

146 2789 210 2822 tum]
231 2795 372 2815 eructatum
392 2791 444 2822 B³‚
461 2792 587 2816 luctatum
607 2791 658 2815 ΖΝ
716 2790 844 2823 uideatur]
865 2800 890 2815 u.
909 2799 964 2816 esse
984 2791 1033 2814 ΖΝ
1124 2789 1158 2814 28
1177 2791 1276 2823 lapsum
1290 2789 1314 2813 11
1375 2789 1475 2821 respicit
1488 2788 1517 2811 N
1605 2787 1638 2811 29
1658 2786 1800 2819 praeualet]

147 2833 215 2858 ualet
233 2834 257 2857 11
362 2833 395 2858 30
413 2835 539 2866 possimus
562 2835 601 2858 Ra

249 2879 435 2906 CASfflODORVS.
1613 2876 1645 2901 47

1818 958 1840 976 lo

1860 1108 1878 1136 [ὑ

1818 1217 1839 1235 15

1817 1997 1841 2014 30
