<?xml version="1.0" encoding="UTF-8"?>
<!DOCTYPE html PUBLIC "-//W3C//DTD XHTML 1.0 Transitional//EN"
    "http://www.w3.org/TR/xhtml1/DTD/xhtml1-transitional.dtd">
<html xmlns="http://www.w3.org/1999/xhtml" xml:lang="en" lang="en">
 <head>
  <title>
</title>
<meta http-equiv="Content-Type" content="text/html;charset=utf-8" />
  <meta name='ocr-system' content='tesseract 3.04.00' />
  <meta name='ocr-capabilities' content='ocr_page ocr_carea ocr_par ocr_line ocrx_word'/>
</head>
<body>
  <div class='ocr_page' id='page_1' title='image "./cassiodorisenato00cass_0291.png"; bbox 0 0 2279 3261; ppageno 0'>
   <div class='ocr_carea' id='block_1_1' title="bbox 705 175 1804 205">
    <p class='ocr_par' dir='ltr' id='par_1_1' title="bbox 705 175 1804 205">
     <span class='ocr_line' id='line_1_1' title="bbox 705 175 1804 205; baseline 0.005 -5"><span class='ocrx_word' id='word_1_1' title='bbox 705 175 901 200; x_wconf 73' lang='lat' dir='ltr'>VARIARVM</span> <span class='ocrx_word' id='word_1_2' title='bbox 924 175 969 203; x_wconf 77' lang='grc' dir='ltr'>ΙΙΙ,</span> <span class='ocrx_word' id='word_1_3' title='bbox 989 176 1030 201; x_wconf 71' lang='grc'><strong>42.</strong></span> <span class='ocrx_word' id='word_1_4' title='bbox 1050 176 1091 201; x_wconf 72' lang='lat'><strong>423.</strong></span> <span class='ocrx_word' id='word_1_5' title='bbox 1110 176 1152 202; x_wconf 77' lang='lat'><strong>44.</strong></span> <span class='ocrx_word' id='word_1_6' title='bbox 1171 176 1212 201; x_wconf 71' lang='lat'><strong>45.</strong></span> <span class='ocrx_word' id='word_1_7' title='bbox 1232 176 1273 201; x_wconf 70' lang='lat'><strong>4⁴5.</strong></span> <span class='ocrx_word' id='word_1_8' title='bbox 1757 178 1804 205; x_wconf 80' lang='lat'><strong>10!</strong></span> 
     </span>
    </p>
   </div>
   <div class='ocr_carea' id='block_1_2' title="bbox 161 261 1813 407">
    <p class='ocr_par' dir='ltr' id='par_1_2' title="bbox 161 261 1813 407">
     <span class='ocr_line' id='line_1_2' title="bbox 161 261 1812 305; baseline -0.001 -12"><span class='ocrx_word' id='word_1_9' title='bbox 161 263 366 305; x_wconf 80' lang='lat' dir='ltr'><strong>praeparari,</strong></span> <span class='ocrx_word' id='word_1_10' title='bbox 397 265 432 293; x_wconf 87' lang='lat' dir='ltr'><strong>ut</strong></span> <span class='ocrx_word' id='word_1_11' title='bbox 463 261 554 292; x_wconf 90' lang='lat' dir='ltr'><strong>vobis</strong></span> <span class='ocrx_word' id='word_1_12' title='bbox 587 261 800 297; x_wconf 71' lang='lat' dir='ltr'>destinentur,</span> <span class='ocrx_word' id='word_1_13' title='bbox 834 272 905 292; x_wconf 89' lang='lat' dir='ltr'><strong>cum</strong></span> <span class='ocrx_word' id='word_1_14' title='bbox 940 264 1068 303; x_wconf 88' lang='lat' dir='ltr'><strong>tempus</strong></span> <span class='ocrx_word' id='word_1_15' title='bbox 1100 262 1316 302; x_wconf 80' lang='lat' dir='ltr'><strong>navigationis</strong></span> <span class='ocrx_word' id='word_1_16' title='bbox 1350 262 1502 293; x_wconf 86' lang='lat' dir='ltr'><strong>arriserit.</strong></span> <span class='ocrx_word' id='word_1_17' title='bbox 1554 261 1697 293; x_wconf 89' lang='lat' dir='ltr'><strong>relevate</strong></span> <span class='ocrx_word' id='word_1_18' title='bbox 1730 272 1812 292; x_wconf 87' lang='lat' dir='ltr'><strong>nunc</strong></span> 
     </span>
     <span class='ocr_line' id='line_1_3' title="bbox 161 313 1813 355; baseline -0.001 -10"><span class='ocrx_word' id='word_1_19' title='bbox 161 315 286 346; x_wconf 89' lang='lat' dir='ltr'><strong>animos</strong></span> <span class='ocrx_word' id='word_1_20' title='bbox 311 317 344 346; x_wconf 89' lang='lat' dir='ltr'><strong>et</strong></span> <span class='ocrx_word' id='word_1_21' title='bbox 367 313 407 344; x_wconf 89' lang='lat' dir='ltr'><strong>de</strong></span> <span class='ocrx_word' id='word_1_22' title='bbox 432 316 543 344; x_wconf 85' lang='lat' dir='ltr'><strong>nostra</strong></span> <span class='ocrx_word' id='word_1_23' title='bbox 566 313 779 355; x_wconf 80' lang='lat' dir='ltr'><strong>promissione</strong></span> <span class='ocrx_word' id='word_1_24' title='bbox 804 314 941 344; x_wconf 85' lang='lat' dir='ltr'><strong>recreati</strong></span> <span class='ocrx_word' id='word_1_25' title='bbox 966 314 1094 344; x_wconf 89' lang='lat' dir='ltr'><strong>futurae</strong></span> <span class='ocrx_word' id='word_1_26' title='bbox 1119 314 1233 355; x_wconf 85' lang='lat' dir='ltr'><strong>copiae</strong></span> <span class='ocrx_word' id='word_1_27' title='bbox 1264 324 1355 355; x_wconf 89' lang='lat' dir='ltr'><strong>spem</strong></span> <span class='ocrx_word' id='word_1_28' title='bbox 1384 317 1535 345; x_wconf 87' lang='lat' dir='ltr'><strong>tenentes</strong></span> <span class='ocrx_word' id='word_1_29' title='bbox 1564 313 1673 344; x_wconf 89' lang='lat' dir='ltr'><strong>divino</strong></span> <span class='ocrx_word' id='word_1_30' title='bbox 1703 314 1813 344; x_wconf 88' lang='lat' dir='ltr'><strong>favore</strong></span> 
     </span>
     <span class='ocr_line' id='line_1_4' title="bbox 162 365 1812 407; baseline -0.001 -10"><span class='ocrx_word' id='word_1_31' title='bbox 162 366 316 398; x_wconf 88' lang='lat' dir='ltr'><strong>habetote</strong></span> <span class='ocrx_word' id='word_1_32' title='bbox 341 365 503 405; x_wconf 73' lang='lat' dir='ltr'><strong>fiduciam,</strong></span> <span class='ocrx_word' id='word_1_33' title='bbox 528 366 603 407; x_wconf 87' lang='lat' dir='ltr'><strong>quia</strong></span> <span class='ocrx_word' id='word_1_34' title='bbox 627 376 689 396; x_wconf 93' lang='lat' dir='ltr'><strong>non</strong></span> <span class='ocrx_word' id='word_1_35' title='bbox 713 366 819 397; x_wconf 91' lang='lat' dir='ltr'><strong>minus</strong></span> <span class='ocrx_word' id='word_1_36' title='bbox 837 369 885 396; x_wconf 89' lang='lat' dir='ltr'><strong>cst</strong></span> <span class='ocrx_word' id='word_1_37' title='bbox 902 365 985 407; x_wconf 89' lang='lat' dir='ltr'><strong>quod</strong></span> <span class='ocrx_word' id='word_1_38' title='bbox 1003 366 1119 396; x_wconf 88' lang='lat' dir='ltr'><strong>nostris</strong></span> <span class='ocrx_word' id='word_1_39' title='bbox 1138 366 1243 397; x_wconf 84' lang='lat' dir='ltr'><strong>verbis</strong></span> <span class='ocrx_word' id='word_1_40' title='bbox 1261 376 1354 407; x_wconf 79' lang='lat' dir='ltr'><strong>quani</strong></span> <span class='ocrx_word' id='word_1_41' title='bbox 1374 366 1458 407; x_wconf 89' lang='lat' dir='ltr'><strong>quod</strong></span> <span class='ocrx_word' id='word_1_42' title='bbox 1476 366 1600 397; x_wconf 84' lang='lat' dir='ltr'><strong>horreis</strong></span> <span class='ocrx_word' id='word_1_43' title='bbox 1619 366 1812 397; x_wconf 87' lang='lat' dir='ltr'><strong>continetur.</strong></span> 
     </span>
    </p>
   </div>
   <div class='ocr_carea' id='block_1_3' title="bbox 484 520 1813 636">
    <p class='ocr_par' dir='ltr' id='par_1_3' title="bbox 484 520 1813 636">
     <span class='ocr_line' id='line_1_5' title="bbox 935 520 1038 552; baseline -0.01 0"><span class='ocrx_word' id='word_1_44' title='bbox 935 520 1038 552; x_wconf 80' lang='lat' dir='ltr'><strong>XLV.</strong></span> 
     </span>
     <span class='ocr_line' id='line_1_6' title="bbox 484 583 1813 636; baseline -0.001 -16"><span class='ocrx_word' id='word_1_45' title='bbox 484 589 718 621; x_wconf 80' lang='lat' dir='ltr'><strong>ARIGERNO</strong></span> <span class='ocrx_word' id='word_1_46' title='bbox 740 583 784 621; x_wconf 59' lang='lat' dir='ltr'><strong>V·</strong></span> <span class='ocrx_word' id='word_1_47' title='bbox 800 584 832 621; x_wconf 76' lang='grc' dir='ltr'><strong>ῑ-</strong></span> <span class='ocrx_word' id='word_1_48' title='bbox 859 589 1015 621; x_wconf 67' lang='lat' dir='ltr'><strong>comm</strong></span> <span class='ocrx_word' id='word_1_49' title='bbox 1041 589 1362 620; x_wconf 52' lang='grc' dir='ltr'><strong>ΤΠΕ(1111111101151</strong></span> <span class='ocrx_word' id='word_1_50' title='bbox 1388 589 1490 620; x_wconf 73' lang='lat' dir='ltr'><strong>anx.</strong></span> <span class='ocrx_word' id='word_1_51' title='bbox 1629 616 1658 636; x_wconf 34' lang='lat' dir='ltr'><strong>a.</strong></span> <span class='ocrx_word' id='word_1_52' title='bbox 1677 606 1744 636; x_wconf 9' lang='lat'><strong>507¹</strong></span> <span class='ocrx_word' id='word_1_53' title='bbox 1752 606 1813 635; x_wconf 63' lang='lat'><strong>511</strong></span> 
     </span>
    </p>
   </div>
   <div class='ocr_carea' id='block_1_4' title="bbox 266 658 1855 695">
    <p class='ocr_par' dir='ltr' id='par_1_4' title="bbox 266 658 1855 695">
     <span class='ocr_line' id='line_1_7' title="bbox 266 658 1855 695; baseline -0.001 -5"><span class='ocrx_word' id='word_1_54' title='bbox 266 659 415 690; x_wconf 87' lang='lat' dir='ltr'><strong>Iustitiae</strong></span> <span class='ocrx_word' id='word_1_55' title='bbox 440 661 569 689; x_wconf 86' lang='lat' dir='ltr'><strong>nostrae</strong></span> <span class='ocrx_word' id='word_1_56' title='bbox 595 659 759 693; x_wconf 73' lang='lat' dir='ltr'><strong>convenit,</strong></span> <span class='ocrx_word' id='word_1_57' title='bbox 789 662 824 690; x_wconf 90' lang='lat' dir='ltr'><strong>ut</strong></span> <span class='ocrx_word' id='word_1_58' title='bbox 849 658 887 689; x_wconf 81' lang='lat' dir='ltr'><strong>dc</strong></span> <span class='ocrx_word' id='word_1_59' title='bbox 912 658 1044 689; x_wconf 89' lang='lat' dir='ltr'><strong>indultis</strong></span> <span class='ocrx_word' id='word_1_60' title='bbox 1069 658 1236 689; x_wconf 86' lang='lat' dir='ltr'><strong>beneficiis</strong></span> <span class='ocrx_word' id='word_1_61' title='bbox 1261 658 1438 688; x_wconf 74' lang='lat' dir='ltr'><strong>calumnias</strong></span> <span class='ocrx_word' id='word_1_62' title='bbox 1467 658 1535 688; x_wconf 87' lang='lat' dir='ltr'><strong>fieri</strong></span> <span class='ocrx_word' id='word_1_63' title='bbox 1565 668 1627 688; x_wconf 86' lang='lat' dir='ltr'><strong>non</strong></span> <span class='ocrx_word' id='word_1_64' title='bbox 1659 658 1812 695; x_wconf 69' lang='lat' dir='ltr'><strong>sinamus,</strong></span> <span class='ocrx_word' id='word_1_65' title='bbox 1845 665 1855 681; x_wconf 67' lang='lat' dir='ltr'><strong>r,</strong></span> 
     </span>
    </p>
   </div>
   <div class='ocr_carea' id='block_1_5' title="bbox 161 709 1814 908">
    <p class='ocr_par' dir='ltr' id='par_1_5' title="bbox 161 709 1814 908">
     <span class='ocr_line' id='line_1_8' title="bbox 163 709 1814 754; baseline -0.002 -11"><span class='ocrx_word' id='word_1_66' title='bbox 163 716 195 744; x_wconf 90' lang='lat' dir='ltr'><strong>et</strong></span> <span class='ocrx_word' id='word_1_67' title='bbox 219 711 370 754; x_wconf 87' lang='lat' dir='ltr'><strong>quiequid</strong></span> <span class='ocrx_word' id='word_1_68' title='bbox 395 721 494 752; x_wconf 87' lang='lat' dir='ltr'><strong>prava</strong></span> <span class='ocrx_word' id='word_1_69' title='bbox 517 711 786 752; x_wconf 73' lang='lat' dir='ltr'><strong>interpretatione</strong></span> <span class='ocrx_word' id='word_1_70' title='bbox 811 711 942 751; x_wconf 80' lang='lat' dir='ltr'><strong>tegitur,</strong></span> <span class='ocrx_word' id='word_1_71' title='bbox 968 710 1081 751; x_wconf 85' lang='lat' dir='ltr'><strong>fugata</strong></span> <span class='ocrx_word' id='word_1_72' title='bbox 1102 710 1263 741; x_wconf 86' lang='lat' dir='ltr'><strong>mendacii</strong></span> <span class='ocrx_word' id='word_1_73' title='bbox 1283 710 1369 740; x_wconf 89' lang='lat' dir='ltr'><strong>nube</strong></span> <span class='ocrx_word' id='word_1_74' title='bbox 1392 710 1585 740; x_wconf 86' lang='lat' dir='ltr'><strong>revelemus.</strong></span> <span class='ocrx_word' id='word_1_75' title='bbox 1624 709 1814 740; x_wconf 87' lang='lat' dir='ltr'><strong>defensores</strong></span> 
     </span>
     <span class='ocr_line' id='line_1_9' title="bbox 161 761 1813 805; baseline -0.002 -10"><span class='ocrx_word' id='word_1_76' title='bbox 161 765 270 805; x_wconf 90' lang='lat' dir='ltr'><strong>itaque</strong></span> <span class='ocrx_word' id='word_1_77' title='bbox 296 766 524 794; x_wconf 78' lang='lat' dir='ltr'><strong>sacrosanctae</strong></span> <span class='ocrx_word' id='word_1_78' title='bbox 555 763 712 793; x_wconf 84' lang='lat' dir='ltr'><strong>ecclesiae</strong></span> <span class='ocrx_word' id='word_1_79' title='bbox 738 762 905 793; x_wconf 79' lang='lat' dir='ltr'><strong>Romanae</strong></span> <span class='ocrx_word' id='word_1_80' title='bbox 939 762 1107 803; x_wconf 79' lang='lat' dir='ltr'><strong>conquesti</strong></span> <span class='ocrx_word' id='word_1_81' title='bbox 1139 765 1212 792; x_wconf 90' lang='lat' dir='ltr'><strong>sunt</strong></span> <span class='ocrx_word' id='word_1_82' title='bbox 1242 761 1360 792; x_wconf 87' lang='lat' dir='ltr'><strong>beatae</strong></span> <span class='ocrx_word' id='word_1_83' title='bbox 1389 761 1621 792; x_wconf 83' lang='lat' dir='ltr'><strong>recordationis</strong></span> <span class='ocrx_word' id='word_1_84' title='bbox 1652 761 1813 802; x_wconf 87' lang='lat' dir='ltr'><strong>quondam</strong></span> 
     </span>
     <span class='ocr_line' id='line_1_10' title="bbox 164 812 1812 857; baseline -0.003 -10"><span class='ocrx_word' id='word_1_85' title='bbox 164 816 366 857; x_wconf 83' lang='lat' dir='ltr'><strong>Simplicium</strong></span> <span class='ocrx_word' id='word_1_86' title='bbox 397 814 524 846; x_wconf 90' lang='lat' dir='ltr'><strong>domum</strong></span> <span class='ocrx_word' id='word_1_87' title='bbox 559 815 590 845; x_wconf 89' lang='lat' dir='ltr'><strong>in</strong></span> <span class='ocrx_word' id='word_1_88' title='bbox 622 815 840 846; x_wconf 89' lang='lat' dir='ltr'><strong>sacratissima</strong></span> <span class='ocrx_word' id='word_1_89' title='bbox 863 814 952 845; x_wconf 87' lang='lat' dir='ltr'><strong>Urbe</strong></span> <span class='ocrx_word' id='word_1_90' title='bbox 982 815 1119 856; x_wconf 83' lang='lat' dir='ltr'><strong>positam</strong></span> <span class='ocrx_word' id='word_1_91' title='bbox 1150 814 1190 844; x_wconf 90' lang='lat' dir='ltr'><strong>ab</strong></span> <span class='ocrx_word' id='word_1_92' title='bbox 1219 813 1376 844; x_wconf 85' lang='lat' dir='ltr'><strong>Eufraxio</strong></span> <span class='ocrx_word' id='word_1_93' title='bbox 1407 813 1557 844; x_wconf 87' lang='lat' dir='ltr'><strong>acolutho</strong></span> <span class='ocrx_word' id='word_1_94' title='bbox 1588 812 1812 844; x_wconf 84' lang='lat' dir='ltr'><strong>instrumentis</strong></span> 
     </span>
     <span class='ocr_line' id='line_1_11' title="bbox 162 864 1813 908; baseline -0.002 -10"><span class='ocrx_word' id='word_1_95' title='bbox 162 868 257 899; x_wconf 86' lang='lat' dir='ltr'><strong>factis</strong></span> <span class='ocrx_word' id='word_1_96' title='bbox 282 867 483 898; x_wconf 87' lang='lat' dir='ltr'><strong>sollemniter</strong></span> <span class='ocrx_word' id='word_1_97' title='bbox 507 877 730 908; x_wconf 71' lang='lat' dir='ltr'><strong>comparasse,</strong></span> <span class='ocrx_word' id='word_1_98' title='bbox 754 877 848 908; x_wconf 86' lang='lat' dir='ltr'><strong>quam</strong></span> <span class='ocrx_word' id='word_1_99' title='bbox 874 877 930 907; x_wconf 90' lang='lat' dir='ltr'><strong>per</strong></span> <span class='ocrx_word' id='word_1_100' title='bbox 954 876 1110 896; x_wconf 89' lang='lat' dir='ltr'><strong>annorum</strong></span> <span class='ocrx_word' id='word_1_101' title='bbox 1135 866 1230 906; x_wconf 86' lang='lat' dir='ltr'><strong>longa</strong></span> <span class='ocrx_word' id='word_1_102' title='bbox 1254 865 1413 896; x_wconf 85' lang='lat' dir='ltr'><strong>curricula</strong></span> <span class='ocrx_word' id='word_1_103' title='bbox 1438 865 1612 896; x_wconf 85' lang='lat' dir='ltr'><strong>ecclesiam</strong></span> <span class='ocrx_word' id='word_1_104' title='bbox 1636 864 1813 895; x_wconf 86' lang='lat' dir='ltr'><strong>Romanam</strong></span> 
     </span>
    </p>
   </div>
   <div class='ocr_carea' id='block_1_6' title="bbox 164 916 1852 962">
    <p class='ocr_par' dir='ltr' id='par_1_6' title="bbox 164 916 1852 962">
     <span class='ocr_line' id='line_1_12' title="bbox 164 916 1852 962; baseline -0.002 -12"><span class='ocrx_word' id='word_1_105' title='bbox 164 921 271 962; x_wconf 87' lang='lat' dir='ltr'><strong>quieto</strong></span> <span class='ocrx_word' id='word_1_106' title='bbox 295 919 364 950; x_wconf 87' lang='lat' dir='ltr'><strong>iure</strong></span> <span class='ocrx_word' id='word_1_107' title='bbox 390 922 570 961; x_wconf 83' lang='lat' dir='ltr'><strong>suggerunt</strong></span> <span class='ocrx_word' id='word_1_108' title='bbox 594 919 781 961; x_wconf 83' lang='lat' dir='ltr'><strong>possedisse</strong></span> <span class='ocrx_word' id='word_1_109' title='bbox 806 922 838 950; x_wconf 90' lang='lat' dir='ltr'><strong>et</strong></span> <span class='ocrx_word' id='word_1_110' title='bbox 862 919 892 949; x_wconf 94' lang='lat' dir='ltr'><strong>in</strong></span> <span class='ocrx_word' id='word_1_111' title='bbox 914 929 991 949; x_wconf 91' lang='lat' dir='ltr'><strong>usus</strong></span> <span class='ocrx_word' id='word_1_112' title='bbox 1015 918 1096 948; x_wconf 86' lang='lat' dir='ltr'><strong>alios</strong></span> <span class='ocrx_word' id='word_1_113' title='bbox 1119 917 1325 948; x_wconf 78' lang='lat' dir='ltr'><strong>transtulisse</strong></span> <span class='ocrx_word' id='word_1_114' title='bbox 1345 917 1519 948; x_wconf 81' lang='lat' dir='ltr'><strong>securitate</strong></span> <span class='ocrx_word' id='word_1_115' title='bbox 1537 916 1679 947; x_wconf 88' lang='lat' dir='ltr'><strong>dominii.</strong></span> <span class='ocrx_word' id='word_1_116' title='bbox 1718 916 1812 946; x_wconf 89' lang='lat' dir='ltr'><strong>Nunc</strong></span> <span class='ocrx_word' id='word_1_117' title='bbox 1849 922 1852 923; x_wconf 71' lang='grc'>’</span> 
     </span>
    </p>
   </div>
   <div class='ocr_carea' id='block_1_7' title="bbox 163 968 1815 1168">
    <p class='ocr_par' dir='ltr' id='par_1_7' title="bbox 163 968 1815 1168">
     <span class='ocr_line' id='line_1_13' title="bbox 163 968 1810 1012; baseline -0.002 -9"><span class='ocrx_word' id='word_1_118' title='bbox 163 975 271 1003; x_wconf 84' lang='lat' dir='ltr'><strong>autem</strong></span> <span class='ocrx_word' id='word_1_119' title='bbox 289 971 434 1003; x_wconf 80' lang='lat' dir='ltr'><strong>existere</strong></span> <span class='ocrx_word' id='word_1_120' title='bbox 452 971 628 1002; x_wconf 81' lang='lat' dir='ltr'><strong>Samareae</strong></span> <span class='ocrx_word' id='word_1_121' title='bbox 647 971 888 1012; x_wconf 85' lang='lat' dir='ltr'><strong>superstitionis</strong></span> <span class='ocrx_word' id='word_1_122' title='bbox 906 970 1052 1012; x_wconf 85' lang='lat' dir='ltr'><strong>improba</strong></span> <span class='ocrx_word' id='word_1_123' title='bbox 1070 970 1175 1001; x_wconf 86' lang='lat' dir='ltr'><strong>fronte</strong></span> <span class='ocrx_word' id='word_1_124' title='bbox 1200 969 1360 1005; x_wconf 58' lang='lat' dir='ltr'><strong>duratunn</strong></span> <span class='ocrx_word' id='word_1_125' title='bbox 1386 970 1439 1010; x_wconf 91' lang='lat' dir='ltr'><strong>qui</strong></span> <span class='ocrx_word' id='word_1_126' title='bbox 1465 980 1666 1011; x_wconf 83' lang='lat' dir='ltr'><strong>synagogam</strong></span> <span class='ocrx_word' id='word_1_127' title='bbox 1690 968 1810 999; x_wconf 86' lang='lat' dir='ltr'><strong>ibidem</strong></span> 
     </span>
     <span class='ocr_line' id='line_1_14' title="bbox 163 1020 1815 1064; baseline -0.002 -10"><span class='ocrx_word' id='word_1_128' title='bbox 163 1024 262 1055; x_wconf 88' lang='lat' dir='ltr'><strong>fuisse</strong></span> <span class='ocrx_word' id='word_1_129' title='bbox 286 1023 405 1064; x_wconf 87' lang='lat' dir='ltr'><strong>iniquis</strong></span> <span class='ocrx_word' id='word_1_130' title='bbox 431 1023 601 1053; x_wconf 88' lang='lat' dir='ltr'><strong>conatibus</strong></span> <span class='ocrx_word' id='word_1_131' title='bbox 625 1023 809 1057; x_wconf 67' lang='lat' dir='ltr'><strong>menti-atim</strong></span> <span class='ocrx_word' id='word_1_132' title='bbox 835 1033 906 1053; x_wconf 89' lang='lat' dir='ltr'><strong>cum</strong></span> <span class='ocrx_word' id='word_1_133' title='bbox 925 1022 964 1053; x_wconf 85' lang='lat' dir='ltr'><strong>ad</strong></span> <span class='ocrx_word' id='word_1_134' title='bbox 982 1022 1140 1052; x_wconf 90' lang='lat' dir='ltr'><strong>humanos</strong></span> <span class='ocrx_word' id='word_1_135' title='bbox 1156 1032 1233 1052; x_wconf 89' lang='lat' dir='ltr'><strong>usus</strong></span> <span class='ocrx_word' id='word_1_136' title='bbox 1251 1021 1437 1052; x_wconf 81' lang='lat' dir='ltr'><strong>habitacula</strong></span> <span class='ocrx_word' id='word_1_137' title='bbox 1453 1021 1548 1062; x_wconf 84' lang='lat' dir='ltr'><strong>longe</strong></span> <span class='ocrx_word' id='word_1_138' title='bbox 1566 1021 1661 1052; x_wconf 88' lang='lat' dir='ltr'><strong>aliter</strong></span> <span class='ocrx_word' id='word_1_139' title='bbox 1677 1020 1815 1051; x_wconf 85' lang='lat' dir='ltr'><strong>formata</strong></span> 
     </span>
     <span class='ocr_line' id='line_1_15' title="bbox 163 1072 1813 1116; baseline -0.002 -10"><span class='ocrx_word' id='word_1_140' title='bbox 163 1075 353 1114; x_wconf 85' lang='lat' dir='ltr'><strong>doceantur,</strong></span> <span class='ocrx_word' id='word_1_141' title='bbox 382 1085 478 1116; x_wconf 88' lang='lat' dir='ltr'><strong>quam</strong></span> <span class='ocrx_word' id='word_1_142' title='bbox 507 1077 616 1116; x_wconf 88' lang='lat' dir='ltr'><strong>potest</strong></span> <span class='ocrx_word' id='word_1_143' title='bbox 646 1084 717 1105; x_wconf 88' lang='lat' dir='ltr'><strong>esse</strong></span> <span class='ocrx_word' id='word_1_144' title='bbox 746 1078 925 1105; x_wconf 87' lang='lat' dir='ltr'><strong>memorata</strong></span> <span class='ocrx_word' id='word_1_145' title='bbox 955 1074 1162 1104; x_wconf 80' lang='lat' dir='ltr'><strong>constructio.</strong></span> <span class='ocrx_word' id='word_1_146' title='bbox 1209 1076 1407 1115; x_wconf 89' lang='lat' dir='ltr'><strong>quapropter</strong></span> <span class='ocrx_word' id='word_1_147' title='bbox 1436 1072 1623 1114; x_wconf 84' lang='lat' dir='ltr'><strong>magnitudo</strong></span> <span class='ocrx_word' id='word_1_148' title='bbox 1655 1076 1710 1103; x_wconf 89' lang='lat' dir='ltr'><strong>tua</strong></span> <span class='ocrx_word' id='word_1_149' title='bbox 1740 1082 1813 1103; x_wconf 90' lang='lat' dir='ltr'><strong>con-</strong></span> 
     </span>
     <span class='ocr_line' id='line_1_16' title="bbox 164 1124 1815 1168; baseline -0.002 -10"><span class='ocrx_word' id='word_1_150' title='bbox 164 1127 321 1159; x_wconf 85' lang='lat' dir='ltr'><strong>scientiae</strong></span> <span class='ocrx_word' id='word_1_151' title='bbox 355 1137 433 1158; x_wconf 89' lang='lat' dir='ltr'><strong>suae</strong></span> <span class='ocrx_word' id='word_1_152' title='bbox 465 1126 603 1168; x_wconf 87' lang='lat' dir='ltr'><strong>probata</strong></span> <span class='ocrx_word' id='word_1_153' title='bbox 634 1127 759 1157; x_wconf 89' lang='lat' dir='ltr'><strong>iustitia</strong></span> <span class='ocrx_word' id='word_1_154' title='bbox 790 1137 918 1157; x_wconf 86' lang='lat' dir='ltr'><strong>causam</strong></span> <span class='ocrx_word' id='word_1_155' title='bbox 952 1125 1100 1166; x_wconf 84' lang='lat' dir='ltr'><strong>diligenti</strong></span> <span class='ocrx_word' id='word_1_156' title='bbox 1133 1125 1375 1156; x_wconf 82' lang='lat' dir='ltr'><strong>examinatione</strong></span> <span class='ocrx_word' id='word_1_157' title='bbox 1409 1125 1562 1156; x_wconf 86' lang='lat' dir='ltr'><strong>discutiat</strong></span> <span class='ocrx_word' id='word_1_158' title='bbox 1598 1127 1645 1163; x_wconf 70' lang='lat' dir='ltr'><strong>et,</strong></span> <span class='ocrx_word' id='word_1_159' title='bbox 1682 1124 1707 1155; x_wconf 88' lang='lat' dir='ltr'><strong>si</strong></span> <span class='ocrx_word' id='word_1_160' title='bbox 1739 1134 1815 1155; x_wconf 85' lang='lat' dir='ltr'><strong>vera</strong></span> 
     </span>
    </p>
   </div>
   <div class='ocr_carea' id='block_1_8' title="bbox 164 1176 1857 1221">
    <p class='ocr_par' dir='ltr' id='par_1_8' title="bbox 164 1176 1857 1221">
     <span class='ocr_line' id='line_1_17' title="bbox 164 1176 1857 1221; baseline -0.003 -11"><span class='ocrx_word' id='word_1_161' title='bbox 164 1179 350 1221; x_wconf 84' lang='lat' dir='ltr'><strong>cognoverit</strong></span> <span class='ocrx_word' id='word_1_162' title='bbox 375 1184 457 1220; x_wconf 83' lang='lat' dir='ltr'><strong>quae</strong></span> <span class='ocrx_word' id='word_1_163' title='bbox 483 1179 617 1210; x_wconf 91' lang='lat' dir='ltr'><strong>veniunt</strong></span> <span class='ocrx_word' id='word_1_164' title='bbox 640 1179 672 1209; x_wconf 93' lang='lat' dir='ltr'><strong>in</strong></span> <span class='ocrx_word' id='word_1_165' title='bbox 698 1179 875 1220; x_wconf 73' lang='lat' dir='ltr'><strong>querelam,</strong></span> <span class='ocrx_word' id='word_1_166' title='bbox 906 1177 1112 1209; x_wconf 83' lang='lat' dir='ltr'><strong>considerata</strong></span> <span class='ocrx_word' id='word_1_167' title='bbox 1137 1177 1301 1218; x_wconf 87' lang='lat' dir='ltr'><strong>aequitate</strong></span> <span class='ocrx_word' id='word_1_168' title='bbox 1326 1177 1468 1208; x_wconf 89' lang='lat' dir='ltr'><strong>definiat.</strong></span> <span class='ocrx_word' id='word_1_169' title='bbox 1516 1187 1588 1207; x_wconf 88' lang='lat' dir='ltr'><strong>nam</strong></span> <span class='ocrx_word' id='word_1_170' title='bbox 1614 1177 1640 1207; x_wconf 91' lang='lat' dir='ltr'><strong>si</strong></span> <span class='ocrx_word' id='word_1_171' title='bbox 1664 1176 1813 1206; x_wconf 89' lang='lat' dir='ltr'><strong>humanis</strong></span> <span class='ocrx_word' id='word_1_172' title='bbox 1848 1183 1857 1199; x_wconf 65' lang='grc'><strong>’-</strong></span> 
     </span>
    </p>
   </div>
   <div class='ocr_carea' id='block_1_9' title="bbox 163 1228 1814 1325">
    <p class='ocr_par' dir='ltr' id='par_1_9' title="bbox 163 1228 1814 1325">
     <span class='ocr_line' id='line_1_18' title="bbox 163 1228 1814 1271; baseline -0.003 -8"><span class='ocrx_word' id='word_1_173' title='bbox 163 1232 290 1263; x_wconf 88' lang='lat' dir='ltr'><strong>actibus</strong></span> <span class='ocrx_word' id='word_1_174' title='bbox 314 1235 388 1262; x_wconf 87' lang='lat' dir='ltr'><strong>sunt</strong></span> <span class='ocrx_word' id='word_1_175' title='bbox 412 1231 593 1263; x_wconf 86' lang='lat' dir='ltr'><strong>calumniae</strong></span> <span class='ocrx_word' id='word_1_176' title='bbox 619 1230 888 1263; x_wconf 76' lang='lat' dir='ltr'><strong>summovendae.</strong></span> <span class='ocrx_word' id='word_1_177' title='bbox 921 1233 1040 1271; x_wconf 86' lang='lat' dir='ltr'><strong>quanto</strong></span> <span class='ocrx_word' id='word_1_178' title='bbox 1070 1229 1174 1270; x_wconf 85' lang='lat' dir='ltr'><strong>magis</strong></span> <span class='ocrx_word' id='word_1_179' title='bbox 1205 1229 1407 1260; x_wconf 89' lang='lat' dir='ltr'><strong>emendanda</strong></span> <span class='ocrx_word' id='word_1_180' title='bbox 1435 1228 1595 1259; x_wconf 90' lang='lat' dir='ltr'><strong>credimus</strong></span> <span class='ocrx_word' id='word_1_181' title='bbox 1625 1239 1707 1269; x_wconf 86' lang='lat' dir='ltr'><strong>quae</strong></span> <span class='ocrx_word' id='word_1_182' title='bbox 1737 1238 1814 1258; x_wconf 90' lang='lat' dir='ltr'><strong>con-</strong></span> 
     </span>
     <span class='ocr_line' id='line_1_19' title="bbox 163 1282 912 1325; baseline -0.004 -10"><span class='ocrx_word' id='word_1_183' title='bbox 163 1285 332 1315; x_wconf 87' lang='lat' dir='ltr'><strong>tumeliam</strong></span> <span class='ocrx_word' id='word_1_184' title='bbox 357 1283 535 1314; x_wconf 88' lang='lat' dir='ltr'><strong>divinitatis</strong></span> <span class='ocrx_word' id='word_1_185' title='bbox 560 1287 695 1325; x_wconf 80' lang='lat' dir='ltr'><strong>tangere</strong></span> <span class='ocrx_word' id='word_1_186' title='bbox 719 1282 912 1314; x_wconf 86' lang='lat' dir='ltr'><strong>iudicamus!</strong></span> 
     </span>
    </p>
   </div>
   <div class='ocr_carea' id='block_1_10' title="bbox 628 1428 1817 1552">
    <p class='ocr_par' dir='ltr' id='par_1_10' title="bbox 628 1428 1817 1552">
     <span class='ocr_line' id='line_1_20' title="bbox 934 1428 1053 1459; baseline -0.008 0"><span class='ocrx_word' id='word_1_187' title='bbox 934 1428 1053 1459; x_wconf 78' lang='lat' dir='ltr'>XLVI.</span> 
     </span>
     <span class='ocr_line' id='line_1_21' title="bbox 628 1495 1817 1552; baseline -0.003 -23"><span class='ocrx_word' id='word_1_188' title='bbox 628 1497 876 1529; x_wconf 77' lang='lat' dir='ltr'><strong>ADEODATo</strong></span> <span class='ocrx_word' id='word_1_189' title='bbox 901 1496 1224 1528; x_wconf 64' lang='lat' dir='ltr'><strong>Trinoonfflons</strong></span> <span class='ocrx_word' id='word_1_190' title='bbox 1249 1495 1352 1527; x_wconf 82' lang='lat' dir='ltr'><strong>REX.</strong></span> <span class='ocrx_word' id='word_1_191' title='bbox 1634 1522 1663 1542; x_wconf 37' lang='lat' dir='ltr'><strong>a·</strong></span> <span class='ocrx_word' id='word_1_192' title='bbox 1682 1511 1817 1552; x_wconf 42' lang='lat'><em>5075„</em></span> 
     </span>
    </p>
   </div>
   <div class='ocr_carea' id='block_1_11' title="bbox 162 1564 1818 2233">
    <p class='ocr_par' dir='ltr' id='par_1_11' title="bbox 162 1564 1818 2233">
     <span class='ocr_line' id='line_1_22' title="bbox 267 1564 1817 1609; baseline -0.004 -10"><span class='ocrx_word' id='word_1_193' title='bbox 267 1568 407 1599; x_wconf 84' lang='lat' dir='ltr'><strong>Materia</strong></span> <span class='ocrx_word' id='word_1_194' title='bbox 431 1571 481 1599; x_wconf 89' lang='lat' dir='ltr'><strong>est</strong></span> <span class='ocrx_word' id='word_1_195' title='bbox 505 1568 627 1609; x_wconf 87' lang='lat' dir='ltr'><strong>gloriae</strong></span> <span class='ocrx_word' id='word_1_196' title='bbox 652 1567 840 1609; x_wconf 87' lang='lat' dir='ltr'><strong>principalis</strong></span> <span class='ocrx_word' id='word_1_197' title='bbox 866 1566 1082 1607; x_wconf 87' lang='lat' dir='ltr'><strong>delinquentis</strong></span> <span class='ocrx_word' id='word_1_198' title='bbox 1108 1569 1228 1603; x_wconf 69' lang='lat' dir='ltr'><strong>reatus,</strong></span> <span class='ocrx_word' id='word_1_199' title='bbox 1254 1565 1330 1606; x_wconf 90' lang='lat' dir='ltr'><strong>quia</strong></span> <span class='ocrx_word' id='word_1_200' title='bbox 1354 1564 1413 1594; x_wconf 89' lang='lat' dir='ltr'><strong>nisi</strong></span> <span class='ocrx_word' id='word_1_201' title='bbox 1438 1564 1605 1605; x_wconf 85' lang='lat' dir='ltr'><strong>culparum</strong></span> <span class='ocrx_word' id='word_1_202' title='bbox 1630 1564 1817 1595; x_wconf 84' lang='lat' dir='ltr'><strong>occasiones</strong></span> 
     </span>
     <span class='ocr_line' id='line_1_23' title="bbox 166 1615 1816 1662; baseline -0.004 -11"><span class='ocrx_word' id='word_1_203' title='bbox 166 1623 382 1662; x_wconf 78' lang='lat' dir='ltr'><strong>emergerent,</strong></span> <span class='ocrx_word' id='word_1_204' title='bbox 412 1620 518 1651; x_wconf 92' lang='lat' dir='ltr'><strong>locum</strong></span> <span class='ocrx_word' id='word_1_205' title='bbox 543 1619 648 1661; x_wconf 85' lang='lat' dir='ltr'><strong>pietas</strong></span> <span class='ocrx_word' id='word_1_206' title='bbox 672 1630 735 1650; x_wconf 88' lang='lat' dir='ltr'><strong>non</strong></span> <span class='ocrx_word' id='word_1_207' title='bbox 760 1619 906 1650; x_wconf 85' lang='lat' dir='ltr'><strong>haberet.</strong></span> <span class='ocrx_word' id='word_1_208' title='bbox 952 1618 1027 1659; x_wconf 86' lang='lat' dir='ltr'><strong>quid</strong></span> <span class='ocrx_word' id='word_1_209' title='bbox 1051 1618 1137 1648; x_wconf 84' lang='lat' dir='ltr'><strong>enim</strong></span> <span class='ocrx_word' id='word_1_210' title='bbox 1162 1617 1299 1647; x_wconf 84' lang='lat' dir='ltr'><strong>salubris</strong></span> <span class='ocrx_word' id='word_1_211' title='bbox 1323 1615 1483 1646; x_wconf 85' lang='lat' dir='ltr'><strong>ordinatio</strong></span> <span class='ocrx_word' id='word_1_212' title='bbox 1508 1619 1610 1657; x_wconf 56' lang='lat' dir='ltr'><strong>gerat7</strong></span> <span class='ocrx_word' id='word_1_213' title='bbox 1642 1616 1667 1646; x_wconf 91' lang='lat' dir='ltr'><strong>si</strong></span> <span class='ocrx_word' id='word_1_214' title='bbox 1693 1626 1816 1646; x_wconf 90' lang='lat' dir='ltr'><strong>morum</strong></span> 
     </span>
     <span class='ocr_line' id='line_1_24' title="bbox 163 1667 1814 1715; baseline -0.004 -11"><span class='ocrx_word' id='word_1_215' title='bbox 163 1673 310 1715; x_wconf 87' lang='lat' dir='ltr'><strong>probitas</strong></span> <span class='ocrx_word' id='word_1_216' title='bbox 336 1675 453 1703; x_wconf 88' lang='lat' dir='ltr'><strong>cuncta</strong></span> <span class='ocrx_word' id='word_1_217' title='bbox 477 1674 668 1713; x_wconf 72' lang='lat' dir='ltr'><strong>componat?</strong></span> <span class='ocrx_word' id='word_1_218' title='bbox 707 1670 798 1702; x_wconf 85' lang='lat' dir='ltr'><strong>arida</strong></span> <span class='ocrx_word' id='word_1_219' title='bbox 823 1671 949 1701; x_wconf 85' lang='lat' dir='ltr'><strong>siccitas</strong></span> <span class='ocrx_word' id='word_1_220' title='bbox 974 1669 1168 1701; x_wconf 85' lang='lat' dir='ltr'><strong>beneficium</strong></span> <span class='ocrx_word' id='word_1_221' title='bbox 1192 1668 1353 1699; x_wconf 84' lang='lat' dir='ltr'><strong>madentis</strong></span> <span class='ocrx_word' id='word_1_222' title='bbox 1370 1668 1499 1709; x_wconf 86' lang='lat' dir='ltr'><strong>pluviae</strong></span> <span class='ocrx_word' id='word_1_223' title='bbox 1517 1670 1661 1709; x_wconf 88' lang='lat' dir='ltr'><strong>exoptat.</strong></span> <span class='ocrx_word' id='word_1_224' title='bbox 1703 1667 1814 1698; x_wconf 87' lang='lat' dir='ltr'><strong>saluti-</strong></span> 
     </span>
     <span class='ocr_line' id='line_1_25' title="bbox 163 1718 1817 1761; baseline -0.004 -6"><span class='ocrx_word' id='word_1_225' title='bbox 163 1725 240 1756; x_wconf 89' lang='lat' dir='ltr'><strong>feris</strong></span> <span class='ocrx_word' id='word_1_226' title='bbox 264 1723 465 1755; x_wconf 89' lang='lat' dir='ltr'><strong>medentium</strong></span> <span class='ocrx_word' id='word_1_227' title='bbox 489 1723 640 1754; x_wconf 88' lang='lat' dir='ltr'><strong>manibus</strong></span> <span class='ocrx_word' id='word_1_228' title='bbox 664 1723 725 1753; x_wconf 88' lang='lat' dir='ltr'><strong>nisi</strong></span> <span class='ocrx_word' id='word_1_229' title='bbox 749 1722 874 1753; x_wconf 88' lang='lat' dir='ltr'><strong>infirma</strong></span> <span class='ocrx_word' id='word_1_230' title='bbox 898 1721 1043 1752; x_wconf 89' lang='lat' dir='ltr'><strong>valitudo</strong></span> <span class='ocrx_word' id='word_1_231' title='bbox 1068 1732 1132 1752; x_wconf 90' lang='lat' dir='ltr'><strong>non</strong></span> <span class='ocrx_word' id='word_1_232' title='bbox 1157 1720 1291 1761; x_wconf 86' lang='lat' dir='ltr'><strong>indiget.</strong></span> <span class='ocrx_word' id='word_1_233' title='bbox 1336 1720 1381 1750; x_wconf 88' lang='lat' dir='ltr'><strong>sic</strong></span> <span class='ocrx_word' id='word_1_234' title='bbox 1406 1719 1481 1749; x_wconf 91' lang='lat' dir='ltr'><strong>dum</strong></span> <span class='ocrx_word' id='word_1_235' title='bbox 1504 1718 1719 1750; x_wconf 86' lang='lat' dir='ltr'><strong>imbecillitati</strong></span> <span class='ocrx_word' id='word_1_236' title='bbox 1745 1729 1817 1750; x_wconf 87' lang='lat' dir='ltr'><strong>sue-</strong></span> 
     </span>
     <span class='ocr_line' id='line_1_26' title="bbox 163 1770 1817 1814; baseline -0.004 -7"><span class='ocrx_word' id='word_1_237' title='bbox 163 1776 335 1811; x_wconf 76' lang='lat' dir='ltr'><strong>eumbitur,</strong></span> <span class='ocrx_word' id='word_1_238' title='bbox 367 1775 601 1806; x_wconf 89' lang='lat' dir='ltr'><strong>convenienter</strong></span> <span class='ocrx_word' id='word_1_239' title='bbox 631 1774 776 1806; x_wconf 86' lang='lat' dir='ltr'><strong>remedia</strong></span> <span class='ocrx_word' id='word_1_240' title='bbox 806 1774 1000 1805; x_wconf 88' lang='lat' dir='ltr'><strong>tribuuntur.</strong></span> <span class='ocrx_word' id='word_1_241' title='bbox 1048 1775 1246 1814; x_wconf 84' lang='lat' dir='ltr'><strong>quapropter</strong></span> <span class='ocrx_word' id='word_1_242' title='bbox 1276 1771 1406 1802; x_wconf 87' lang='lat' dir='ltr'><strong>casibus</strong></span> <span class='ocrx_word' id='word_1_243' title='bbox 1436 1771 1560 1813; x_wconf 89' lang='lat' dir='ltr'><strong>asperis</strong></span> <span class='ocrx_word' id='word_1_244' title='bbox 1585 1770 1817 1812; x_wconf 88' lang='lat' dir='ltr'><strong>praestandum</strong></span> 
     </span>
     <span class='ocr_line' id='line_1_27' title="bbox 164 1824 1817 1864; baseline -0.004 -5"><span class='ocrx_word' id='word_1_245' title='bbox 164 1831 212 1859; x_wconf 81' lang='lat' dir='ltr'><strong>est</strong></span> <span class='ocrx_word' id='word_1_246' title='bbox 237 1827 296 1859; x_wconf 89' lang='lat' dir='ltr'><strong>sub</strong></span> <span class='ocrx_word' id='word_1_247' title='bbox 322 1827 466 1858; x_wconf 89' lang='lat' dir='ltr'><strong>iustitiae</strong></span> <span class='ocrx_word' id='word_1_248' title='bbox 490 1827 588 1858; x_wconf 89' lang='lat' dir='ltr'><strong>laude</strong></span> <span class='ocrx_word' id='word_1_249' title='bbox 612 1826 836 1861; x_wconf 63' lang='lat' dir='ltr'><strong>moderamen,</strong></span> <span class='ocrx_word' id='word_1_250' title='bbox 868 1829 903 1856; x_wconf 88' lang='lat' dir='ltr'><strong>ut</strong></span> <span class='ocrx_word' id='word_1_251' title='bbox 932 1836 992 1856; x_wconf 86' lang='lat' dir='ltr'><strong>nee</strong></span> <span class='ocrx_word' id='word_1_252' title='bbox 1025 1824 1202 1855; x_wconf 87' lang='lat' dir='ltr'><strong>vindictam</strong></span> <span class='ocrx_word' id='word_1_253' title='bbox 1236 1824 1379 1854; x_wconf 86' lang='lat' dir='ltr'><strong>sinamus</strong></span> <span class='ocrx_word' id='word_1_254' title='bbox 1412 1832 1565 1864; x_wconf 86' lang='lat' dir='ltr'><strong>superare</strong></span> <span class='ocrx_word' id='word_1_255' title='bbox 1595 1826 1730 1864; x_wconf 87' lang='lat' dir='ltr'><strong>peccata</strong></span> <span class='ocrx_word' id='word_1_256' title='bbox 1758 1833 1817 1853; x_wconf 91' lang='lat' dir='ltr'><strong>nec</strong></span> 
     </span>
     <span class='ocr_line' id='line_1_28' title="bbox 162 1874 1817 1922; baseline -0.004 -11"><span class='ocrx_word' id='word_1_257' title='bbox 162 1880 290 1922; x_wconf 87' lang='lat' dir='ltr'><strong>culpam</strong></span> <span class='ocrx_word' id='word_1_258' title='bbox 321 1879 475 1910; x_wconf 87' lang='lat' dir='ltr'><strong>insultare</strong></span> <span class='ocrx_word' id='word_1_259' title='bbox 504 1879 668 1920; x_wconf 87' lang='lat' dir='ltr'><strong>patiamur</strong></span> <span class='ocrx_word' id='word_1_260' title='bbox 703 1878 830 1919; x_wconf 84' lang='lat' dir='ltr'><strong>legibus</strong></span> <span class='ocrx_word' id='word_1_261' title='bbox 867 1877 1069 1919; x_wconf 82' lang='lat' dir='ltr'><strong>impunitam.</strong></span> <span class='ocrx_word' id='word_1_262' title='bbox 1122 1876 1215 1906; x_wconf 89' lang='lat' dir='ltr'><strong>Datis</strong></span> <span class='ocrx_word' id='word_1_263' title='bbox 1252 1876 1361 1916; x_wconf 78' lang='lat' dir='ltr'><strong>itaque</strong></span> <span class='ocrx_word' id='word_1_264' title='bbox 1395 1874 1546 1916; x_wconf 89' lang='lat' dir='ltr'><strong>precibus</strong></span> <span class='ocrx_word' id='word_1_265' title='bbox 1578 1874 1727 1915; x_wconf 83' lang='lat' dir='ltr'><strong>allegasti</strong></span> <span class='ocrx_word' id='word_1_266' title='bbox 1758 1874 1817 1905; x_wconf 91' lang='lat' dir='ltr'><strong>viri</strong></span> 
     </span>
     <span class='ocr_line' id='line_1_29' title="bbox 163 1926 1816 1974; baseline -0.005 -11"><span class='ocrx_word' id='word_1_267' title='bbox 163 1931 350 1974; x_wconf 85' lang='lat' dir='ltr'><strong>spectabilis</strong></span> <span class='ocrx_word' id='word_1_268' title='bbox 364 1931 519 1963; x_wconf 86' lang='lat' dir='ltr'><strong>Venantii</strong></span> <span class='ocrx_word' id='word_1_269' title='bbox 535 1931 701 1962; x_wconf 86' lang='lat' dir='ltr'><strong>Lucaniae</strong></span> <span class='ocrx_word' id='word_1_270' title='bbox 719 1934 751 1961; x_wconf 84' lang='lat' dir='ltr'><strong>et</strong></span> <span class='ocrx_word' id='word_1_271' title='bbox 768 1929 968 1960; x_wconf 86' lang='lat' dir='ltr'><strong>Bruttiorum</strong></span> <span class='ocrx_word' id='word_1_272' title='bbox 985 1929 1144 1970; x_wconf 83' lang='lat' dir='ltr'><strong>praesulis</strong></span> <span class='ocrx_word' id='word_1_273' title='bbox 1163 1928 1309 1958; x_wconf 90' lang='lat' dir='ltr'><strong>odiorum</strong></span> <span class='ocrx_word' id='word_1_274' title='bbox 1326 1930 1358 1957; x_wconf 87' lang='lat' dir='ltr'><strong>te</strong></span> <span class='ocrx_word' id='word_1_275' title='bbox 1383 1926 1561 1957; x_wconf 84' lang='lat' dir='ltr'><strong>acerbitate</strong></span> <span class='ocrx_word' id='word_1_276' title='bbox 1586 1936 1816 1967; x_wconf 65' lang='lat' dir='ltr'><strong>compressum„</strong></span> 
     </span>
     <span class='ocr_line' id='line_1_30' title="bbox 163 1977 1817 2024; baseline -0.004 -9"><span class='ocrx_word' id='word_1_277' title='bbox 163 1984 330 2015; x_wconf 84' lang='lat' dir='ltr'><strong>custodiae</strong></span> <span class='ocrx_word' id='word_1_278' title='bbox 361 1984 457 2024; x_wconf 86' lang='lat' dir='ltr'><strong>longo</strong></span> <span class='ocrx_word' id='word_1_279' title='bbox 493 1983 556 2014; x_wconf 88' lang='lat' dir='ltr'><strong>situ</strong></span> <span class='ocrx_word' id='word_1_280' title='bbox 587 1983 803 2015; x_wconf 83' lang='lat' dir='ltr'><strong>laborantem.</strong></span> <span class='ocrx_word' id='word_1_281' title='bbox 836 1982 868 2012; x_wconf 90' lang='lat' dir='ltr'><strong>in</strong></span> <span class='ocrx_word' id='word_1_282' title='bbox 901 1981 1139 2012; x_wconf 85' lang='lat' dir='ltr'><strong>confessionem</strong></span> <span class='ocrx_word' id='word_1_283' title='bbox 1169 1983 1281 2021; x_wconf 86' lang='lat' dir='ltr'><strong>raptus</strong></span> <span class='ocrx_word' id='word_1_284' title='bbox 1313 1978 1443 2009; x_wconf 85' lang='lat' dir='ltr'><strong>adultae</strong></span> <span class='ocrx_word' id='word_1_285' title='bbox 1474 1977 1603 2019; x_wconf 86' lang='lat' dir='ltr'><strong>puellae</strong></span> <span class='ocrx_word' id='word_1_286' title='bbox 1621 1977 1817 2008; x_wconf 79' lang='lat' dir='ltr'><strong>Valerianae</strong></span> 
     </span>
     <span class='ocr_line' id='line_1_31' title="bbox 162 2031 1817 2077; baseline -0.005 -10"><span class='ocrx_word' id='word_1_287' title='bbox 162 2036 265 2067; x_wconf 87' lang='lat' dir='ltr'><strong>fuisse</strong></span> <span class='ocrx_word' id='word_1_288' title='bbox 296 2035 512 2077; x_wconf 72' lang='lat' dir='ltr'><strong>compulsum,</strong></span> <span class='ocrx_word' id='word_1_289' title='bbox 544 2037 580 2065; x_wconf 90' lang='lat' dir='ltr'><strong>ut</strong></span> <span class='ocrx_word' id='word_1_290' title='bbox 611 2034 735 2075; x_wconf 81' lang='lat' dir='ltr'><strong>gratius</strong></span> <span class='ocrx_word' id='word_1_291' title='bbox 766 2033 864 2064; x_wconf 84' lang='lat' dir='ltr'><strong>fuerit</strong></span> <span class='ocrx_word' id='word_1_292' title='bbox 896 2043 985 2074; x_wconf 87' lang='lat' dir='ltr'><strong>spem</strong></span> <span class='ocrx_word' id='word_1_293' title='bbox 1018 2033 1100 2063; x_wconf 83' lang='lat' dir='ltr'><strong>citae</strong></span> <span class='ocrx_word' id='word_1_294' title='bbox 1133 2031 1244 2062; x_wconf 86' lang='lat' dir='ltr'><strong>mortis</strong></span> <span class='ocrx_word' id='word_1_295' title='bbox 1276 2033 1432 2072; x_wconf 87' lang='lat' dir='ltr'><strong>expetere</strong></span> <span class='ocrx_word' id='word_1_296' title='bbox 1462 2040 1558 2071; x_wconf 88' lang='lat' dir='ltr'><strong>quam</strong></span> <span class='ocrx_word' id='word_1_297' title='bbox 1581 2032 1817 2060; x_wconf 87' lang='lat' dir='ltr'><strong>tormentorum</strong></span> 
     </span>
     <span class='ocr_line' id='line_1_32' title="bbox 164 2082 1816 2127; baseline -0.004 -9"><span class='ocrx_word' id='word_1_298' title='bbox 164 2087 309 2119; x_wconf 85' lang='lat' dir='ltr'><strong>crudelia</strong></span> <span class='ocrx_word' id='word_1_299' title='bbox 334 2087 504 2118; x_wconf 87' lang='lat' dir='ltr'><strong>sustinere.</strong></span> <span class='ocrx_word' id='word_1_300' title='bbox 551 2087 637 2117; x_wconf 82' lang='lat' dir='ltr'><strong>inter</strong></span> <span class='ocrx_word' id='word_1_301' title='bbox 661 2096 830 2127; x_wconf 83' lang='lat' dir='ltr'><strong>supremas</strong></span> <span class='ocrx_word' id='word_1_302' title='bbox 855 2085 941 2116; x_wconf 90' lang='lat' dir='ltr'><strong>enim</strong></span> <span class='ocrx_word' id='word_1_303' title='bbox 967 2084 1134 2125; x_wconf 84' lang='lat' dir='ltr'><strong>angustias</strong></span> <span class='ocrx_word' id='word_1_304' title='bbox 1159 2082 1343 2113; x_wconf 90' lang='lat' dir='ltr'><strong>anhelantis</strong></span> <span class='ocrx_word' id='word_1_305' title='bbox 1367 2084 1478 2112; x_wconf 88' lang='lat' dir='ltr'><strong>votum</strong></span> <span class='ocrx_word' id='word_1_306' title='bbox 1510 2084 1559 2112; x_wconf 89' lang='lat' dir='ltr'><strong>est</strong></span> <span class='ocrx_word' id='word_1_307' title='bbox 1588 2082 1692 2123; x_wconf 83' lang='lat' dir='ltr'><strong>perire</strong></span> <span class='ocrx_word' id='word_1_308' title='bbox 1722 2092 1816 2122; x_wconf 83' lang='lat' dir='ltr'><strong>quam</strong></span> 
     </span>
     <span class='ocr_line' id='line_1_33' title="bbox 164 2132 1817 2180; baseline -0.005 -9"><span class='ocrx_word' id='word_1_309' title='bbox 164 2140 289 2179; x_wconf 61' lang='lat' dir='ltr'><strong>vivere,</strong></span> <span class='ocrx_word' id='word_1_310' title='bbox 319 2139 394 2180; x_wconf 85' lang='lat' dir='ltr'><strong>quia</strong></span> <span class='ocrx_word' id='word_1_311' title='bbox 418 2139 624 2170; x_wconf 85' lang='lat' dir='ltr'><strong>detestabilis</strong></span> <span class='ocrx_word' id='word_1_312' title='bbox 649 2148 763 2169; x_wconf 89' lang='lat' dir='ltr'><strong>sensus</strong></span> <span class='ocrx_word' id='word_1_313' title='bbox 788 2147 965 2179; x_wconf 87' lang='lat' dir='ltr'><strong>poenarum</strong></span> <span class='ocrx_word' id='word_1_314' title='bbox 990 2135 1135 2167; x_wconf 84' lang='lat' dir='ltr'><strong>excludit</strong></span> <span class='ocrx_word' id='word_1_315' title='bbox 1159 2134 1366 2165; x_wconf 88' lang='lat' dir='ltr'><strong>dulcissimae</strong></span> <span class='ocrx_word' id='word_1_316' title='bbox 1392 2133 1505 2164; x_wconf 87' lang='lat' dir='ltr'><strong>salutis</strong></span> <span class='ocrx_word' id='word_1_317' title='bbox 1531 2132 1695 2163; x_wconf 86' lang='lat' dir='ltr'><strong>affectum.</strong></span> <span class='ocrx_word' id='word_1_318' title='bbox 1740 2132 1817 2163; x_wconf 88' lang='lat' dir='ltr'><strong>illud</strong></span> 
     </span>
     <span class='ocr_line' id='line_1_34' title="bbox 164 2185 1818 2233; baseline -0.004 -11"><span class='ocrx_word' id='word_1_319' title='bbox 164 2191 278 2229; x_wconf 65' lang='lat' dir='ltr'><strong>etiam,</strong></span> <span class='ocrx_word' id='word_1_320' title='bbox 315 2190 399 2233; x_wconf 91' lang='lat' dir='ltr'><strong>quod</strong></span> <span class='ocrx_word' id='word_1_321' title='bbox 431 2191 562 2221; x_wconf 89' lang='lat' dir='ltr'><strong>minime</strong></span> <span class='ocrx_word' id='word_1_322' title='bbox 594 2190 718 2221; x_wconf 87' lang='lat' dir='ltr'><strong>iustitia</strong></span> <span class='ocrx_word' id='word_1_323' title='bbox 751 2192 927 2231; x_wconf 79' lang='lat' dir='ltr'><strong>pateretur,</strong></span> <span class='ocrx_word' id='word_1_324' title='bbox 964 2188 1107 2219; x_wconf 86' lang='lat' dir='ltr'><strong>adiciens</strong></span> <span class='ocrx_word' id='word_1_325' title='bbox 1140 2186 1348 2217; x_wconf 81' lang='lat' dir='ltr'><strong>defensorum</strong></span> <span class='ocrx_word' id='word_1_326' title='bbox 1383 2185 1442 2216; x_wconf 90' lang='lat' dir='ltr'><strong>tibi</strong></span> <span class='ocrx_word' id='word_1_327' title='bbox 1475 2185 1655 2227; x_wconf 83' lang='lat' dir='ltr'><strong>patrocinia</strong></span> <span class='ocrx_word' id='word_1_328' title='bbox 1688 2185 1818 2226; x_wconf 83' lang='lat' dir='ltr'><strong>saepius</strong></span> 
     </span>
    </p>
   </div>
   <div class='ocr_carea' id='block_1_12' title="bbox 164 2319 1821 2776">
    <p class='ocr_par' dir='ltr' id='par_1_12' title="bbox 268 2319 579 2351">
     <span class='ocr_line' id='line_1_35' title="bbox 268 2319 579 2351; baseline -0.003 -6"><span class='ocrx_word' id='word_1_329' title='bbox 268 2319 579 2351; x_wconf 70' lang='lat' dir='ltr'><strong>LRKPMoN(X)E(F)</strong></span> 
     </span>
    </p>

    <p class='ocr_par' dir='ltr' id='par_1_13' title="bbox 164 2392 1821 2776">
     <span class='ocr_line' id='line_1_36' title="bbox 267 2392 1820 2431; baseline -0.005 -8"><span class='ocrx_word' id='word_1_330' title='bbox 267 2398 284 2423; x_wconf 72' lang='lat'><strong>‘2</strong></span> <span class='ocrx_word' id='word_1_331' title='bbox 302 2399 448 2431; x_wconf 81' lang='lat' dir='ltr'><strong>prouisione</strong></span> <span class='ocrx_word' id='word_1_332' title='bbox 460 2398 498 2422; x_wconf 49' lang='grc'><strong>119</strong></span> <span class='ocrx_word' id='word_1_333' title='bbox 570 2396 693 2429; x_wconf 72' lang='lat' dir='ltr'><strong>tenentes]</strong></span> <span class='ocrx_word' id='word_1_334' title='bbox 708 2395 878 2421; x_wconf 67' lang='lat' dir='ltr'><strong>MONXEA,</strong></span> <span class='ocrx_word' id='word_1_335' title='bbox 896 2398 997 2419; x_wconf 81' lang='lat' dir='ltr'><strong>tenente</strong></span> <span class='ocrx_word' id='word_1_336' title='bbox 1012 2394 1092 2424; x_wconf 61' lang='grc' dir='ltr'><strong>ΕΗΓ,</strong></span> <span class='ocrx_word' id='word_1_337' title='bbox 1110 2397 1193 2418; x_wconf 78' lang='lat' dir='ltr'><strong>tenete</strong></span> <span class='ocrx_word' id='word_1_338' title='bbox 1207 2393 1235 2417; x_wconf 82' lang='grc' dir='ltr'><em>Κ</em></span> <span class='ocrx_word' id='word_1_339' title='bbox 1337 2392 1353 2417; x_wconf 81' lang='grc'>3</span> <span class='ocrx_word' id='word_1_340' title='bbox 1372 2397 1430 2417; x_wconf 77' lang='lat' dir='ltr'><strong>ante</strong></span> <span class='ocrx_word' id='word_1_341' title='bbox 1450 2393 1544 2417; x_wconf 76' lang='lat' dir='ltr'><strong>horreis</strong></span> <span class='ocrx_word' id='word_1_342' title='bbox 1563 2393 1651 2424; x_wconf 65' lang='lat' dir='ltr'><strong>repetit</strong></span> <span class='ocrx_word' id='word_1_343' title='bbox 1670 2393 1761 2416; x_wconf 69' lang='lat' dir='ltr'><strong>nos-tris</strong></span> <span class='ocrx_word' id='word_1_344' title='bbox 1776 2392 1820 2415; x_wconf 71' lang='lat' dir='ltr'><strong>Ka</strong></span> 
     </span>
     <span class='ocr_line' id='line_1_37' title="bbox 166 2434 1820 2470; baseline -0.004 -4"><span class='ocrx_word' id='word_1_345' title='bbox 166 2441 180 2466; x_wconf 74' lang='lat' dir='ltr'>T</span> <span class='ocrx_word' id='word_1_346' title='bbox 199 2450 260 2466; x_wconf 83' lang='lat' dir='ltr'><strong>rom.</strong></span> <span class='ocrx_word' id='word_1_347' title='bbox 280 2442 340 2466; x_wconf 85' lang='lat' dir='ltr'><strong>cccl.</strong></span> <span class='ocrx_word' id='word_1_348' title='bbox 356 2441 393 2466; x_wconf 66' lang='lat' dir='ltr'><strong>Ac</strong></span> <span class='ocrx_word' id='word_1_349' title='bbox 448 2441 635 2466; x_wconf 78' lang='lat' dir='ltr'><strong>recordadionis</strong></span> <span class='ocrx_word' id='word_1_350' title='bbox 652 2438 673 2464; x_wconf 87' lang='grc' dir='ltr'>Ο</span> <span class='ocrx_word' id='word_1_351' title='bbox 761 2438 777 2463; x_wconf 82' lang='grc'>8</span> <span class='ocrx_word' id='word_1_352' title='bbox 797 2437 922 2470; x_wconf 82' lang='lat' dir='ltr'><strong>eusraxio]</strong></span> <span class='ocrx_word' id='word_1_353' title='bbox 943 2438 1002 2462; x_wconf 73' lang='lat' dir='ltr'><strong>libri</strong></span> <span class='ocrx_word' id='word_1_354' title='bbox 1016 2437 1143 2469; x_wconf 50' lang='lat' dir='ltr'><strong>pleriquffi</strong></span> <span class='ocrx_word' id='word_1_355' title='bbox 1161 2438 1266 2461; x_wconf 82' lang='lat' dir='ltr'><strong>eul&#39;raxo</strong></span> <span class='ocrx_word' id='word_1_356' title='bbox 1279 2434 1309 2465; x_wconf 70' lang='lat' dir='ltr'><strong>l),</strong></span> <span class='ocrx_word' id='word_1_357' title='bbox 1329 2436 1443 2467; x_wconf 76' lang='lat' dir='ltr'><strong>cut‘ragio</strong></span> <span class='ocrx_word' id='word_1_358' title='bbox 1456 2435 1514 2466; x_wconf 72' lang='lat' dir='ltr'><strong>EF,</strong></span> <span class='ocrx_word' id='word_1_359' title='bbox 1534 2435 1642 2459; x_wconf 73' lang='lat' dir='ltr'><strong>eufrasio</strong></span> <span class='ocrx_word' id='word_1_360' title='bbox 1657 2435 1694 2459; x_wconf 65' lang='lat' dir='ltr'><strong>A:</strong></span> <span class='ocrx_word' id='word_1_361' title='bbox 1706 2436 1820 2466; x_wconf 69' lang='lat' dir='ltr'><strong>sortasse</strong></span> 
     </span>
     <span class='ocr_line' id='line_1_38' title="bbox 164 2477 1819 2517; baseline -0.004 -8"><span class='ocrx_word' id='word_1_362' title='bbox 164 2485 296 2517; x_wconf 69' lang='lat' dir='ltr'><strong>Eupraxin</strong></span> <span class='ocrx_word' id='word_1_363' title='bbox 349 2485 450 2517; x_wconf 83' lang='lat' dir='ltr'><strong>acolyto</strong></span> <span class='ocrx_word' id='word_1_364' title='bbox 462 2485 522 2516; x_wconf 48' lang='lat' dir='ltr'><strong>,fere</strong></span> <span class='ocrx_word' id='word_1_365' title='bbox 536 2485 595 2509; x_wconf 72' lang='lat' dir='ltr'><strong>libri</strong></span> <span class='ocrx_word' id='word_1_366' title='bbox 683 2482 698 2506; x_wconf 84' lang='lat'>9</span> <span class='ocrx_word' id='word_1_367' title='bbox 718 2483 793 2514; x_wconf 65' lang='lat' dir='ltr'><strong>lunga</strong></span> <span class='ocrx_word' id='word_1_368' title='bbox 808 2492 855 2507; x_wconf 79' lang='lat' dir='ltr'><strong>om.</strong></span> <span class='ocrx_word' id='word_1_369' title='bbox 867 2481 908 2505; x_wconf 76' lang='lat' dir='ltr'><strong>R¹</strong></span> <span class='ocrx_word' id='word_1_370' title='bbox 962 2479 1099 2512; x_wconf 77' lang='lat' dir='ltr'><strong>curricula]</strong></span> <span class='ocrx_word' id='word_1_371' title='bbox 1120 2480 1216 2505; x_wconf 75' lang='lat' dir='ltr'><strong>circula</strong></span> <span class='ocrx_word' id='word_1_372' title='bbox 1227 2479 1269 2504; x_wconf 61' lang='grc' dir='ltr'><strong>ΕΔΞ</strong></span> <span class='ocrx_word' id='word_1_373' title='bbox 1359 2478 1390 2504; x_wconf 81' lang='grc'><strong>10</strong></span> <span class='ocrx_word' id='word_1_374' title='bbox 1407 2480 1502 2504; x_wconf 78' lang='lat' dir='ltr'><strong>alienos</strong></span> <span class='ocrx_word' id='word_1_375' title='bbox 1515 2480 1537 2502; x_wconf 52' lang='grc'><strong>11</strong></span> <span class='ocrx_word' id='word_1_376' title='bbox 1627 2478 1658 2503; x_wconf 88' lang='grc'><strong>11</strong></span> <span class='ocrx_word' id='word_1_377' title='bbox 1679 2477 1819 2510; x_wconf 76' lang='lat' dir='ltr'><strong>samareae]</strong></span> 
     </span>
     <span class='ocr_line' id='line_1_39' title="bbox 165 2520 1819 2559; baseline -0.005 -6"><span class='ocrx_word' id='word_1_378' title='bbox 165 2537 262 2553; x_wconf 81' lang='lat' dir='ltr'><strong>samare</strong></span> <span class='ocrx_word' id='word_1_379' title='bbox 275 2528 332 2559; x_wconf 44' lang='lat' dir='ltr'><strong>illa,</strong></span> <span class='ocrx_word' id='word_1_380' title='bbox 357 2527 483 2559; x_wconf 78' lang='lat' dir='ltr'><strong>amar(a)e</strong></span> <span class='ocrx_word' id='word_1_381' title='bbox 497 2527 682 2551; x_wconf 66' lang='lat' dir='ltr'><strong>MbOXXEF</strong></span> <span class='ocrx_word' id='word_1_382' title='bbox 756 2523 951 2558; x_wconf 76' lang='lat' dir='ltr'><strong>superstitionis]</strong></span> <span class='ocrx_word' id='word_1_383' title='bbox 972 2534 990 2548; x_wconf 84' lang='lat' dir='ltr'><strong>s.</strong></span> <span class='ocrx_word' id='word_1_384' title='bbox 1010 2524 1135 2556; x_wconf 87' lang='lat' dir='ltr'><strong>populum</strong></span> <span class='ocrx_word' id='word_1_385' title='bbox 1148 2523 1270 2548; x_wconf 57' lang='lat' dir='ltr'><em>11²XEA</em></span> <span class='ocrx_word' id='word_1_386' title='bbox 1347 2524 1416 2547; x_wconf 77' lang='lat' dir='ltr'><strong>sonte</strong></span> <span class='ocrx_word' id='word_1_387' title='bbox 1430 2523 1471 2546; x_wconf 78' lang='lat' dir='ltr'><strong>La</strong></span> <span class='ocrx_word' id='word_1_388' title='bbox 1583 2521 1613 2546; x_wconf 78' lang='lat'><strong>1&#39;2</strong></span> <span class='ocrx_word' id='word_1_389' title='bbox 1633 2522 1665 2546; x_wconf 79' lang='lat' dir='ltr'><strong>ad</strong></span> <span class='ocrx_word' id='word_1_390' title='bbox 1684 2520 1819 2553; x_wconf 76' lang='lat' dir='ltr'><strong>humanos]</strong></span> 
     </span>
     <span class='ocr_line' id='line_1_40' title="bbox 165 2565 1821 2601; baseline -0.004 -5"><span class='ocrx_word' id='word_1_391' title='bbox 165 2571 191 2595; x_wconf 86' lang='lat' dir='ltr'><strong>in</strong></span> <span class='ocrx_word' id='word_1_392' title='bbox 214 2572 341 2596; x_wconf 80' lang='lat' dir='ltr'><strong>humanos</strong></span> <span class='ocrx_word' id='word_1_393' title='bbox 360 2571 528 2601; x_wconf 75' lang='lat' dir='ltr'><em>MONXEF,</em></span> <span class='ocrx_word' id='word_1_394' title='bbox 553 2571 698 2595; x_wconf 73' lang='lat' dir='ltr'><strong>humanitas</strong></span> <span class='ocrx_word' id='word_1_395' title='bbox 718 2570 742 2593; x_wconf 79' lang='lat' dir='ltr'><em>P</em></span> <span class='ocrx_word' id='word_1_396' title='bbox 855 2568 886 2593; x_wconf 77' lang='grc'><strong>13</strong></span> <span class='ocrx_word' id='word_1_397' title='bbox 909 2576 985 2600; x_wconf 79' lang='lat' dir='ltr'><strong>quam</strong></span> <span class='ocrx_word' id='word_1_398' title='bbox 1009 2571 1091 2600; x_wconf 82' lang='lat' dir='ltr'><strong>potest</strong></span> <span class='ocrx_word' id='word_1_399' title='bbox 1110 2581 1141 2584; x_wconf 84' lang='lat'>—</span> <span class='ocrx_word' id='word_1_400' title='bbox 1162 2566 1193 2591; x_wconf 78' lang='grc'><strong>15</strong></span> <span class='ocrx_word' id='word_1_401' title='bbox 1212 2567 1361 2599; x_wconf 77' lang='lat' dir='ltr'><strong>cognouerit</strong></span> <span class='ocrx_word' id='word_1_402' title='bbox 1380 2567 1416 2590; x_wconf 73' lang='lat' dir='ltr'><strong>bis</strong></span> <span class='ocrx_word' id='word_1_403' title='bbox 1434 2566 1463 2589; x_wconf 64' lang='lat' dir='ltr'><strong>A*</strong></span> <span class='ocrx_word' id='word_1_404' title='bbox 1574 2565 1605 2589; x_wconf 73' lang='lat'><strong>16</strong></span> <span class='ocrx_word' id='word_1_405' title='bbox 1629 2566 1693 2590; x_wconf 75' lang='lat' dir='ltr'><strong>cred.</strong></span> <span class='ocrx_word' id='word_1_406' title='bbox 1718 2574 1764 2589; x_wconf 83' lang='lat' dir='ltr'><strong>em.</strong></span> <span class='ocrx_word' id='word_1_407' title='bbox 1784 2565 1821 2588; x_wconf 54' lang='lat' dir='ltr'><strong>Ae</strong></span> 
     </span>
     <span class='ocr_line' id='line_1_41' title="bbox 164 2608 1819 2647; baseline -0.005 -8"><span class='ocrx_word' id='word_1_408' title='bbox 164 2613 199 2639; x_wconf 79' lang='lat'><strong>20</strong></span> <span class='ocrx_word' id='word_1_409' title='bbox 222 2613 313 2647; x_wconf 78' lang='lat' dir='ltr'><strong>pietas]</strong></span> <span class='ocrx_word' id='word_1_410' title='bbox 334 2614 548 2645; x_wconf 61' lang='grc' dir='ltr'><em>ΚΜΟΧΧΕᾼΓ,</em></span> <span class='ocrx_word' id='word_1_411' title='bbox 574 2614 673 2646; x_wconf 79' lang='lat' dir='ltr'><strong>pietatis</strong></span> <span class='ocrx_word' id='word_1_412' title='bbox 688 2612 799 2637; x_wconf 56' lang='lat' dir='ltr'><strong>Lmen*</strong></span> <span class='ocrx_word' id='word_1_413' title='bbox 867 2612 989 2636; x_wconf 75' lang='lat' dir='ltr'><strong>habereut</strong></span> <span class='ocrx_word' id='word_1_414' title='bbox 1003 2611 1027 2635; x_wconf 88' lang='lat' dir='ltr'><em>P</em></span> <span class='ocrx_word' id='word_1_415' title='bbox 1122 2610 1153 2635; x_wconf 73' lang='lat'><strong>21</strong></span> <span class='ocrx_word' id='word_1_416' title='bbox 1175 2611 1231 2635; x_wconf 87' lang='lat' dir='ltr'><strong>beu.</strong></span> <span class='ocrx_word' id='word_1_417' title='bbox 1252 2610 1316 2634; x_wconf 78' lang='lat' dir='ltr'><strong>mad.</strong></span> <span class='ocrx_word' id='word_1_418' title='bbox 1337 2608 1379 2641; x_wconf 68' lang='lat' dir='ltr'><strong>pL]</strong></span> <span class='ocrx_word' id='word_1_419' title='bbox 1400 2609 1458 2633; x_wconf 84' lang='lat' dir='ltr'><strong>ben.</strong></span> <span class='ocrx_word' id='word_1_420' title='bbox 1477 2609 1510 2641; x_wconf 88' lang='lat' dir='ltr'><strong>pl.</strong></span> <span class='ocrx_word' id='word_1_421' title='bbox 1531 2609 1596 2633; x_wconf 83' lang='lat' dir='ltr'><strong>mad.</strong></span> <span class='ocrx_word' id='word_1_422' title='bbox 1611 2608 1728 2639; x_wconf 69' lang='lat' dir='ltr'><em>JJXXF,</em></span> <span class='ocrx_word' id='word_1_423' title='bbox 1753 2608 1819 2631; x_wconf 82' lang='lat' dir='ltr'><strong>mad.</strong></span> 
     </span>
     <span class='ocr_line' id='line_1_42' title="bbox 165 2650 1820 2690; baseline -0.004 -8"><span class='ocrx_word' id='word_1_424' title='bbox 165 2658 199 2690; x_wconf 81' lang='lat' dir='ltr'><strong>pl,</strong></span> <span class='ocrx_word' id='word_1_425' title='bbox 223 2658 280 2683; x_wconf 84' lang='lat' dir='ltr'><strong>ben.</strong></span> <span class='ocrx_word' id='word_1_426' title='bbox 302 2658 387 2682; x_wconf 69' lang='lat' dir='ltr'><strong>OEAO</strong></span> <span class='ocrx_word' id='word_1_427' title='bbox 521 2656 555 2682; x_wconf 74' lang='grc'><strong>22</strong></span> <span class='ocrx_word' id='word_1_428' title='bbox 580 2665 648 2681; x_wconf 83' lang='lat' dir='ltr'><strong>man.</strong></span> <span class='ocrx_word' id='word_1_429' title='bbox 676 2657 740 2681; x_wconf 83' lang='lat' dir='ltr'><strong>med.</strong></span> <span class='ocrx_word' id='word_1_430' title='bbox 757 2654 778 2679; x_wconf 85' lang='lat' dir='ltr'><em>O</em></span> <span class='ocrx_word' id='word_1_431' title='bbox 878 2656 1051 2680; x_wconf 74' lang='lat' dir='ltr'><strong>imbecillitate</strong></span> <span class='ocrx_word' id='word_1_432' title='bbox 1072 2655 1096 2679; x_wconf 86' lang='lat' dir='ltr'><em>P</em></span> <span class='ocrx_word' id='word_1_433' title='bbox 1226 2653 1260 2678; x_wconf 67' lang='lat'><strong>⁴23</strong></span> <span class='ocrx_word' id='word_1_434' title='bbox 1284 2653 1449 2686; x_wconf 76' lang='lat' dir='ltr'><strong>praestandus</strong></span> <span class='ocrx_word' id='word_1_435' title='bbox 1469 2652 1518 2676; x_wconf 46' lang='lat' dir='ltr'><strong>illst</strong></span> <span class='ocrx_word' id='word_1_436' title='bbox 1653 2652 1686 2677; x_wconf 71' lang='lat'><strong>‘25</strong></span> <span class='ocrx_word' id='word_1_437' title='bbox 1711 2650 1820 2683; x_wconf 82' lang='lat' dir='ltr'><strong>legibus]</strong></span> 
     </span>
     <span class='ocr_line' id='line_1_43' title="bbox 165 2695 1821 2732; baseline -0.005 -7"><span class='ocrx_word' id='word_1_438' title='bbox 165 2701 242 2725; x_wconf 80' lang='lat' dir='ltr'><strong>rebus</strong></span> <span class='ocrx_word' id='word_1_439' title='bbox 261 2701 425 2725; x_wconf 71' lang='lat' dir='ltr'><em>MONXEF</em></span> <span class='ocrx_word' id='word_1_440' title='bbox 492 2702 576 2732; x_wconf 79' lang='lat' dir='ltr'><strong>itaque</strong></span> <span class='ocrx_word' id='word_1_441' title='bbox 596 2701 632 2724; x_wconf 73' lang='lat' dir='ltr'><strong>bis</strong></span> <span class='ocrx_word' id='word_1_442' title='bbox 646 2700 694 2724; x_wconf 59' lang='lat' dir='ltr'><strong>,lla</strong></span> <span class='ocrx_word' id='word_1_443' title='bbox 800 2699 833 2724; x_wconf 73' lang='lat' dir='ltr'><strong>2ss</strong></span> <span class='ocrx_word' id='word_1_444' title='bbox 854 2700 1010 2723; x_wconf 83' lang='lat' dir='ltr'><strong>brutciorum</strong></span> <span class='ocrx_word' id='word_1_445' title='bbox 1024 2698 1080 2728; x_wconf 63' lang='grc' dir='ltr'><strong>ΕΗ,</strong></span> <span class='ocrx_word' id='word_1_446' title='bbox 1100 2698 1257 2722; x_wconf 78' lang='lat' dir='ltr'><strong>bructiorum</strong></span> <span class='ocrx_word' id='word_1_447' title='bbox 1272 2697 1305 2727; x_wconf 70' lang='lat' dir='ltr'><strong>K,</strong></span> <span class='ocrx_word' id='word_1_448' title='bbox 1326 2697 1467 2720; x_wconf 79' lang='lat' dir='ltr'><strong>brutiorum</strong></span> <span class='ocrx_word' id='word_1_449' title='bbox 1486 2696 1524 2720; x_wconf 75' lang='lat' dir='ltr'><strong>rel</strong></span> <span class='ocrx_word' id='word_1_450' title='bbox 1543 2696 1688 2720; x_wconf 84' lang='lat' dir='ltr'><strong>bmciorum</strong></span> <span class='ocrx_word' id='word_1_451' title='bbox 1704 2695 1821 2726; x_wconf 65' lang='lat' dir='ltr'><strong>plerique</strong></span> 
     </span>
     <span class='ocr_line' id='line_1_44' title="bbox 165 2735 1818 2776; baseline -0.004 -9"><span class='ocrx_word' id='word_1_452' title='bbox 165 2747 188 2768; x_wconf 79' lang='lat' dir='ltr'><strong>ei</strong></span> <span class='ocrx_word' id='word_1_453' title='bbox 207 2744 314 2775; x_wconf 73' lang='lat' dir='ltr'><strong>sicfere</strong></span> <span class='ocrx_word' id='word_1_454' title='bbox 332 2744 450 2776; x_wconf 75' lang='lat' dir='ltr'><strong>deinceps</strong></span> <span class='ocrx_word' id='word_1_455' title='bbox 520 2745 635 2768; x_wconf 82' lang='lat' dir='ltr'><strong>odiorum</strong></span> <span class='ocrx_word' id='word_1_456' title='bbox 658 2752 704 2767; x_wconf 82' lang='lat' dir='ltr'><strong>om.</strong></span> <span class='ocrx_word' id='word_1_457' title='bbox 724 2743 747 2766; x_wconf 88' lang='lat' dir='ltr'><em>P</em></span> <span class='ocrx_word' id='word_1_458' title='bbox 855 2741 886 2766; x_wconf 77' lang='grc'><strong>27</strong></span> <span class='ocrx_word' id='word_1_459' title='bbox 912 2740 948 2774; x_wconf 85' lang='lat' dir='ltr'><strong>in]</strong></span> <span class='ocrx_word' id='word_1_460' title='bbox 973 2746 997 2766; x_wconf 80' lang='lat' dir='ltr'><strong>et</strong></span> <span class='ocrx_word' id='word_1_461' title='bbox 1023 2742 1047 2765; x_wconf 85' lang='lat' dir='ltr'><strong>iu</strong></span> <span class='ocrx_word' id='word_1_462' title='bbox 1060 2741 1086 2765; x_wconf 90' lang='lat' dir='ltr'><em>P</em></span> <span class='ocrx_word' id='word_1_463' title='bbox 1159 2745 1259 2773; x_wconf 86' lang='lat' dir='ltr'><strong>raptum</strong></span> <span class='ocrx_word' id='word_1_464' title='bbox 1274 2739 1301 2764; x_wconf 85' lang='lat' dir='ltr'><em>K</em></span> <span class='ocrx_word' id='word_1_465' title='bbox 1375 2738 1521 2769; x_wconf 48' lang='lat' dir='ltr'><strong>naleamale</strong></span> <span class='ocrx_word' id='word_1_466' title='bbox 1536 2738 1588 2762; x_wconf 84' lang='lat' dir='ltr'><strong>XE</strong></span> <span class='ocrx_word' id='word_1_467' title='bbox 1690 2737 1723 2761; x_wconf 75' lang='lat'><strong>&#39;29</strong></span> <span class='ocrx_word' id='word_1_468' title='bbox 1744 2735 1818 2768; x_wconf 79' lang='lat' dir='ltr'><strong>inter]</strong></span> 
     </span>
    </p>
   </div>
   <div class='ocr_carea' id='block_1_13' title="bbox 166 2780 1820 2863">
    <p class='ocr_par' dir='ltr' id='par_1_14' title="bbox 166 2780 1820 2863">
     <span class='ocr_line' id='line_1_45' title="bbox 166 2780 1820 2820; baseline -0.005 -10"><span class='ocrx_word' id='word_1_469' title='bbox 166 2784 260 2811; x_wconf 82' lang='lat' dir='ltr'><strong>itemO</strong></span> <span class='ocrx_word' id='word_1_470' title='bbox 312 2795 442 2819; x_wconf 84' lang='lat' dir='ltr'><strong>supremas</strong></span> <span class='ocrx_word' id='word_1_471' title='bbox 460 2786 536 2819; x_wconf 88' lang='lat' dir='ltr'><strong>enim]</strong></span> <span class='ocrx_word' id='word_1_472' title='bbox 556 2795 673 2820; x_wconf 81' lang='lat' dir='ltr'><strong>suprema</strong></span> <span class='ocrx_word' id='word_1_473' title='bbox 692 2791 751 2810; x_wconf 81' lang='lat' dir='ltr'><strong>suin</strong></span> <span class='ocrx_word' id='word_1_474' title='bbox 770 2786 837 2810; x_wconf 82' lang='lat' dir='ltr'><strong>enim</strong></span> <span class='ocrx_word' id='word_1_475' title='bbox 852 2783 918 2817; x_wconf 54' lang='lat' dir='ltr'><strong>Off]</strong></span> <span class='ocrx_word' id='word_1_476' title='bbox 972 2793 1030 2816; x_wconf 85' lang='lat' dir='ltr'><strong>ang.</strong></span> <span class='ocrx_word' id='word_1_477' title='bbox 1050 2783 1202 2816; x_wconf 79' lang='lat' dir='ltr'><strong>anhelantis]</strong></span> <span class='ocrx_word' id='word_1_478' title='bbox 1222 2783 1364 2808; x_wconf 75' lang='lat' dir='ltr'><strong>hanelamis</strong></span> <span class='ocrx_word' id='word_1_479' title='bbox 1384 2782 1479 2813; x_wconf 54' lang='lat' dir='ltr'><strong>[anhel.</strong></span> <span class='ocrx_word' id='word_1_480' title='bbox 1494 2782 1542 2805; x_wconf 57' lang='lat' dir='ltr'><strong>AG!</strong></span> <span class='ocrx_word' id='word_1_481' title='bbox 1562 2780 1820 2813; x_wconf 68' lang='lat' dir='ltr'><strong>aug.,]10NXE²,1,</strong></span> 
     </span>
     <span class='ocr_line' id='line_1_46' title="bbox 166 2823 1721 2863; baseline -0.006 -7"><span class='ocrx_word' id='word_1_482' title='bbox 166 2829 285 2856; x_wconf 73' lang='lat' dir='ltr'><strong>melantis</strong></span> <span class='ocrx_word' id='word_1_483' title='bbox 303 2837 363 2862; x_wconf 78' lang='lat' dir='ltr'><strong>ang·</strong></span> <span class='ocrx_word' id='word_1_484' title='bbox 384 2829 426 2853; x_wconf 87' lang='lat' dir='ltr'><strong>E¹</strong></span> <span class='ocrx_word' id='word_1_485' title='bbox 498 2829 543 2863; x_wconf 79' lang='lat' dir='ltr'><strong>est]</strong></span> <span class='ocrx_word' id='word_1_486' title='bbox 564 2833 602 2855; x_wconf 86' lang='lat' dir='ltr'><strong>est</strong></span> <span class='ocrx_word' id='word_1_487' title='bbox 621 2830 704 2862; x_wconf 75' lang='lat' dir='ltr'><strong>potius</strong></span> <span class='ocrx_word' id='word_1_488' title='bbox 725 2829 802 2854; x_wconf 63' lang='lat' dir='ltr'><strong>XEA</strong></span> <span class='ocrx_word' id='word_1_489' title='bbox 865 2829 873 2834; x_wconf 72' lang='lat'><strong><em>‘</em></strong></span> <span class='ocrx_word' id='word_1_490' title='bbox 907 2826 942 2852; x_wconf 78' lang='lat'><strong>30</strong></span> <span class='ocrx_word' id='word_1_491' title='bbox 961 2836 1053 2853; x_wconf 79' lang='lat' dir='ltr'><strong>census</strong></span> <span class='ocrx_word' id='word_1_492' title='bbox 1073 2827 1102 2852; x_wconf 88' lang='lat' dir='ltr'><em>K</em></span> <span class='ocrx_word' id='word_1_493' title='bbox 1204 2826 1235 2852; x_wconf 84' lang='lat'><strong>31</strong></span> <span class='ocrx_word' id='word_1_494' title='bbox 1255 2825 1344 2858; x_wconf 71' lang='lat' dir='ltr'><strong>etiam]</strong></span> <span class='ocrx_word' id='word_1_495' title='bbox 1365 2826 1431 2851; x_wconf 83' lang='lat' dir='ltr'><strong>enim</strong></span> <span class='ocrx_word' id='word_1_496' title='bbox 1450 2825 1476 2849; x_wconf 73' lang='lat' dir='ltr'><em>E</em></span> <span class='ocrx_word' id='word_1_497' title='bbox 1545 2830 1593 2857; x_wconf 81' lang='lat' dir='ltr'><strong>pat.</strong></span> <span class='ocrx_word' id='word_1_498' title='bbox 1613 2825 1672 2848; x_wconf 78' lang='lat' dir='ltr'><strong>inst.</strong></span> <span class='ocrx_word' id='word_1_499' title='bbox 1694 2823 1721 2847; x_wconf 70' lang='lat' dir='ltr'><strong>I&lt;</strong></span> 
     </span>
    </p>
   </div>
   <div class='ocr_carea' id='block_1_14' title="bbox 1837 1621 1861 1639">
    <p class='ocr_par' dir='ltr' id='par_1_15' title="bbox 1837 1621 1861 1639">
     <span class='ocr_line' id='line_1_47' title="bbox 1837 1621 1861 1639; baseline -0.042 0"><span class='ocrx_word' id='word_1_500' title='bbox 1837 1621 1861 1639; x_wconf 79' lang='lat'><strong>20</strong></span> 
     </span>
    </p>
   </div>
   <div class='ocr_carea' id='block_1_15' title="bbox 1837 1875 1900 1904">
    <p class='ocr_par' dir='ltr' id='par_1_16' title="bbox 1837 1875 1900 1904">
     <span class='ocr_line' id='line_1_48' title="bbox 1837 1875 1900 1904; baseline 0.016 -5"><span class='ocrx_word' id='word_1_501' title='bbox 1837 1875 1900 1904; x_wconf 77' lang='lat'><strong>252</strong></span> 
     </span>
    </p>
   </div>
   <div class='ocr_carea' id='block_1_16' title="bbox 1837 2138 1861 2156">
    <p class='ocr_par' dir='ltr' id='par_1_17' title="bbox 1837 2138 1861 2156">
     <span class='ocr_line' id='line_1_49' title="bbox 1837 2138 1861 2156; baseline 0.042 -1"><span class='ocrx_word' id='word_1_502' title='bbox 1837 2138 1861 2156; x_wconf 77' lang='lat'><strong>30</strong></span> 
     </span>
    </p>
   </div>
  </div>
 </body>
</html>
