2279 3261
762 176 957 203 VARIARVM
978 176 1023 206 vl,
1044 177 1084 202 10.
1109 178 1146 203 11,
1169 178 1206 202 12.
1754 175 1810 204 185

954 332 1012 364 XI.

576 402 698 433 FoRM
705 402 791 432 ULA
819 401 1130 433 ILLUSTRATUS
1156 399 1394 431 VAOANTIS.

262 472 397 502 Constat
422 471 551 502 felicem
577 483 648 503 esse
675 483 740 503 rem
766 473 937 514 publicam.
963 483 1045 513 quae
1071 471 1179 502 multis
1204 471 1327 502 civibus
1354 468 1543 511 resplendet
1568 472 1691 498 ornata.
1739 478 1812 497 nam

158 524 241 554 sicut
266 524 391 554 caelum
417 523 520 554 stellis
545 524 690 554 redditur
714 524 850 556 clarum.
882 524 928 554 sic
953 524 1098 554 relucent
1123 522 1219 553 urbes
1245 522 1365 553 lumine
1398 520 1605 561 dignitatum:
1643 530 1705 549 non
1737 519 1809 559 quia

158 576 214 606 fiat
238 575 334 606 homo
359 575 441 605 alter
466 575 651 609 honoribus.
677 576 733 607 scd
760 577 835 618 quia
857 576 1032 607 modestior
1049 576 1197 609 efficitur,
1221 586 1239 605 a
1256 585 1318 615 qno
1337 573 1587 604 conversationis
1605 572 1680 602 ordo
1700 571 1812 601 melior

160 627 352 669 postulatur.
399 627 470 669 quis
496 628 582 658 enim
609 628 792 669 opinionem
817 639 907 659 suam
933 627 1193 669 vituperabiliter
1218 629 1356 657 tractare
1383 625 1474 659 velit,
1506 635 1600 665 quam
1627 623 1812 664 specialiter
1844 629 1853 645 ἴ*

158 678 197 710 ad
230 679 343 710 laudes
376 679 513 710 electam
547 691 619 710 esse
652 681 837 720 cognoscit?
884 680 973 710 illum
1004 678 1162 720 siquidem
1196 678 1335 709 honores
1366 677 1560 717 glorificant.
1596 686 1690 716 quem
1723 685 1810 705 com-

159 731 290 762 mendat
313 735 345 762 et
375 731 450 762 vita.
497 742 571 762 nam
600 732 683 762 malo
715 733 860 763 instituto
892 732 1000 763 vivere
1033 742 1091 762 nec
1123 731 1259 772 principi
1289 730 1338 760 fas
1371 732 1435 761 est.
1469 727 1596 768 quando
1627 730 1658 757 et
1690 726 1728 757 de
1758 726 1811 756 illo

158 783 299 824 populus
322 783 447 814 occulte
472 786 580 824 potest
604 783 721 817 dicere.
747 784 797 814 eui
822 794 928 814 mores
954 794 1029 814 suos
1051 783 1180 824 publice
1199 782 1306 812 nullus
1325 790 1422 811 ausus
1441 783 1491 810 est
1508 780 1679 820 imputare.
1718 778 1807 818 Cape

158 835 254 876 igitur
279 845 335 876 pro
360 834 422 866 fide
447 845 484 865 ac
508 834 674 866 laboribus
699 836 761 866 tuis
787 836 958 866 comitivae
989 835 1241 865 domesticorum
1273 833 1468 863 illustratum
1503 833 1686 861 vacantem.
1717 832 1751 859 ut
1780 832 1813 859 et

159 887 222 917 tuis
256 886 380 917 civibus
412 886 583 917 decoratus
616 898 791 928 appareas.
825 891 873 923 et,
907 886 991 928 quod
1024 889 1074 917 est
1106 885 1326 916 dulcissimum
1361 883 1520 915 mentibus
1554 882 1660 915 bonis,
1693 881 1811 921 iugiter

161 938 300 980 propriis
325 938 519 969 utilitatibus
544 940 723 980 occuperis.
770 939 844 980 quid
870 939 953 969 enim
980 938 1174 969 fortunatius
1206 947 1300 978 quam
1331 946 1442 976 agrum
1474 934 1578 964 colere
1610 938 1641 963 et
1672 933 1700 963 in
1731 933 1811 963 urbe

161 990 279 1023 lucere.
304 990 358 1021 ubi
384 1001 464 1031 opus
490 991 651 1032 proprium
678 991 818 1021 delectat
836 994 1001 1021 auctorem
1020 1001 1079 1021 nec
1098 988 1217 1030 aliquid
1236 987 1377 1019 fallendo
1396 987 1603 1027 conquiritur.
1629 985 1704 1016 dum
1722 984 1812 1014 suavi

160 1042 278 1073 horrea
306 1041 415 1073 labore
447 1043 672 1073 cumulantur?
720 1046 916 1084 quapropter
946 1053 1004 1073 nos
1032 1042 1179 1073 dedimus
1211 1040 1439 1071 delectabilem
1472 1038 1638 1070 honorem.
1670 1041 1703 1067 tu
1734 1047 1809 1067 con-

161 1094 354 1124 versationis
391 1094 518 1125 associa
551 1094 759 1135 dignitatem.
797 1106 869 1125 nam
903 1098 1038 1136 utraque
1070 1094 1131 1125 sibi
1163 1094 1332 1125 coniuncta
1363 1096 1450 1123 sunt:
1487 1102 1584 1121 unum
1620 1089 1739 1131 pendet
1770 1100 1812 1119 ex

159 1145 277 1176 altero:
308 1156 371 1175 non
397 1146 586 1176 coalescunt
611 1158 723 1188 sparsa
748 1148 882 1178 semina.
909 1147 967 1178 nisi
993 1150 1025 1177 et
1049 1150 1153 1177 terrae
1179 1145 1318 1187 qualitas
1344 1144 1438 1175 fuerit
1463 1147 1610 1184 operata:
1643 1142 1810 1172 habiturus
1846 1153 1855 1163 ³

163 1207 303 1227 messem
328 1197 368 1228 de
393 1201 503 1228 nostra
528 1199 632 1239 gratia
658 1199 832 1240 copiosanr
864 1200 890 1229 si
915 1211 933 1229 a
959 1202 989 1230 te
1016 1198 1134 1229 iudicia
1160 1201 1267 1228 nostra
1294 1196 1540 1237 cognoverimus
1566 1194 1686 1235 optime
1712 1193 1812 1223 fuisse

162 1252 309 1280 tractata.

949 1353 1025 1384 XII.

554 1423 771 1454 FORMULA
798 1422 1048 1454 eoMlTIVAE
1074 1421 1203 1452 PRIMI
1229 1419 1422 1451 ORDINIS.

264 1492 414 1533 Magnum
442 1491 571 1533 quidem
604 1492 712 1523 multis
744 1496 775 1523 et
805 1492 890 1523 inter
920 1492 1006 1523 vices
1038 1490 1166 1521 videtur
1198 1501 1270 1521 esse
1301 1489 1466 1530 geniatum
1498 1487 1648 1528 publicae
1679 1485 1811 1515 utilitati

161 1544 271 1585 probis
297 1544 478 1575 actionibus
504 1545 670 1585 occupari:
705 1544 760 1575 sed
786 1547 906 1586 quanto
931 1543 1056 1575 felicius
1082 1543 1238 1573 honorem
1269 1540 1471 1582 splendidum
1503 1549 1630 1569 sumere
1660 1542 1691 1568 et
1723 1537 1809 1577 cogiv
1832 1542 1842 1561 ’Ξ

161 1596 316 1626 tationum
349 1596 516 1627 molestias
548 1607 610 1627 non
643 1597 784 1628 habere?
840 1595 1000 1626 interdum
1034 1595 1119 1625 enim
1157 1593 1277 1624 assidui
1315 1592 1443 1623 labores
1480 1595 1511 1621 et
1547 1591 1633 1632 ipsas
1669 1590 1813 1630 ingratas

160 1648 282 1678 faciunt
311 1647 500 1689 dignitates,
532 1648 607 1679 dum
637 1649 834 1679 inbecillitas
860 1648 999 1678 humana
1024 1647 1086 1677 cito
1111 1646 1194 1677 solet
1219 1645 1380 1675 sustinere
1406 1643 1533 1674 fastidia
1558 1645 1589 1673 et
1615 1641 1699 1682 quod
1724 1640 1812 1682 prius

160 1699 302 1730 ambisse
328 1699 480 1735 creditur.
505 1703 620 1742 postea
644 1700 747 1731 vitare
774 1700 857 1731 vellc
884 1699 1031 1730 sentitur.
1073 1697 1131 1729 sed
1156 1697 1214 1727 hoc
1239 1696 1339 1727 multo
1364 1694 1583 1737 praestantius
1602 1693 1717 1724 adesse
1736 1703 1811 1723 con-

161 1751 326 1793 spectibus
345 1752 442 1793 regiis
459 1755 492 1783 et
514 1752 630 1783 abesse
656 1752 823 1788 molestiis,
848 1751 985 1792 gratiam
1010 1750 1131 1781 habere
1157 1749 1219 1779 loci
1244 1752 1276 1779 et
1301 1748 1401 1778 vitare
1428 1745 1642 1777 contumelias
1667 1744 1812 1775 actionis.

1832 888 1838 904 1
1843 888 1854 902 εἰ

160 1803 254 1834 dulce
287 1809 336 1834 est
365 1804 486 1845 aliquid
519 1804 563 1835 sic
595 1805 725 1835 mereri.
759 1808 794 1834 ut
827 1803 916 1834 nulla
949 1803 1051 1844 possit
1083 1801 1249 1832 anxietate
1283 1799 1420 1832 turbari.
1452 1798 1526 1829 dum
1559 1797 1657 1828 multo
1689 1797 1812 1837 gratius
1832 1804 1854 1821 2¹1³

160 1855 313 1890 redditur,
354 1856 408 1887 ubi
445 1857 671 1898 prosperitatis
708 1857 777 1887 sola
813 1855 931 1897 gaudia
968 1855 1160 1885 sentiuntur.
1214 1853 1310 1884 Hunc
1340 1851 1438 1892 igitur
1472 1851 1627 1880 bonorem
1659 1853 1723 1879 tam
1755 1848 1814 1878 tibi

160 1908 295 1949 respicis
331 1909 433 1939 otiosa
468 1909 727 1939 renumeratione
761 1907 952 1949 praestitum
988 1917 1083 1947 quam
1118 1905 1250 1936 nimium
1286 1902 1506 1934 laborantibus
1542 1901 1673 1942 antiqua
1706 1900 1811 1930 nosci-

162 1963 214 1990 tur
242 1960 427 2001 provisione
461 1960 612 1991 collatus.
646 1964 681 1991 ut
713 1964 854 1991 rectores
885 1958 1123 2000 provinciarum
1154 1957 1228 1987 anni
1258 1956 1384 1986 actione
1414 1953 1562 1984 laudatos
1593 1953 1646 1983 vix
1678 1951 1717 1982 ad
1750 1951 1813 1981 tale

163 2011 289 2042 culmen
319 2011 533 2044 adducerent.
563 2012 678 2053 quibus
707 2011 945 2042 confitebantur
973 2010 1110 2051 plurima
1134 2020 1168 2039 se
1192 2008 1323 2039 debere.
1369 2005 1542 2037 consiliarii
1568 2015 1694 2046 quoque
1720 2014 1812 2045 prae-

162 2063 321 2094 fectorum
353 2064 553 2096 conscientia
587 2064 679 2097 clari„
713 2063 888 2094 dictatione
920 2062 1101 2104 praecipui,
1135 2061 1187 2102 qui
1217 2060 1248 2090 in
1280 2059 1334 2090 illc
1365 2062 1440 2089 actu
1470 2056 1689 2098 amplissimae
1721 2065 1813 2096 prae·

163 2115 306 2146 fecturae
330 2116 375 2146 sic
401 2115 552 2147 videntur
576 2127 730 2147 exercere
757 2114 951 2148 facundiam„
976 2118 1011 2145 ut
1035 2113 1075 2144 ad
1100 2113 1256 2144 utilitates
1273 2111 1420 2154 publicas
1438 2108 1661 2151 expediendas
1679 2108 1815 2138 alteram

164 2167 276 2198 credas
303 2179 376 2199 esse
400 2172 619 2209 quaesturam.
666 2168 750 2199 unde
775 2168 963 2208 frequenter
988 2169 1020 2197 et
1044 2177 1101 2196 nos
1126 2164 1251 2195 iudices
1277 2162 1480 2198 assumimus.
1511 2161 1586 2202 quia
1611 2171 1665 2191 eos
1696 2159 1812 2190 doctis-

164 2219 261 2250 simos
280 2220 538 2261 comprobamus.
576 2219 660 2255 Quid
683 2230 760 2260 ergo
785 2218 824 2249 de
850 2218 906 2249 tali
931 2217 1050 2248 honore
1076 2217 1245 2254 sentiatur,
1270 2225 1420 2256 agnosce.
1445 2212 1573 2254 quando
1598 2211 1734 2254 perfecti
1757 2210 1814 2240 viri

268 2358 519 2390 LRKP(TU)E(1‹')

267 2444 283 2468 2
302 2445 445 2477 resplendet
464 2448 552 2469 ornate
574 2445 621 2470 Pa.
650 2448 739 2469 ornata
764 2444 919 2475 resplendeat
940 2443 966 2467 F
1084 2442 1099 2466 3
1119 2441 1164 2474 sic]
1189 2443 1219 2466 sit
1240 2442 1261 2465 L
1383 2440 1398 2465 6
1421 2441 1525 2464 electam
1546 2448 1592 2463 υυι,
1607 2438 1646 2462 F¹
1733 2435 1816 2467 illum]

164 2489 236 2513 illum
260 2488 338 2520 igitur
358 2486 445 2521 L³[?]
533 2487 617 2520 quem]
643 2488 709 2520 qnod
726 2487 772 2516 ῙἿ1
796 2495 870 2518 quem
895 2487 927 2510 ad
952 2486 1053 2510 modum
1072 2485 1095 2509 T
1214 2484 1228 2508 Τ
1252 2483 1362 2516 qnando]
1388 2484 1508 2516 quoniam
1531 2482 1555 2506 Ε
1640 2486 1664 2505 et
1688 2490 1735 2505 orn.
1752 2479 1821 2503 L¹F

167 2530 198 2555 10
220 2532 412 2556 dilectissimum
430 2531 458 2555 K
589 2531 616 2555 ll
642 2529 711 2563 quid}
735 2540 758 2562 q.
783 2534 818 2554 est
840 2529 863 2553 E
959 2529 1148 2553 tbrnatunatius
1167 2528 1205 2552 R¹
1347 2527 1376 2552 12
1401 2527 1508 2551 delectet
1528 2526 1554 2550 F
1649 2521 1815 2555 conquiritur]

165 2584 223 2599 cum
246 2575 378 2607 quaeritur
398 2575 425 2605 Τ,
450 2575 592 2606 acquiritur
610 2574 638 2603 V,
666 2574 797 2605 quaeritur
817 2572 844 2596 F
979 2571 1009 2596 14
1035 2573 1135 2604 utrique
1155 2572 1194 2596 L¹
1334 2570 1366 2595 15
1390 2568 1424 2601 et]
1449 2570 1524 2594 etiam
1547 2569 1568 2592 ,1
1673 2564 1816 2597 habiturus]

165 2618 190 2642 h.
209 2626 235 2642 es
255 2617 294 2641 L²
412 2616 443 2641 16
466 2618 559 2649 optime
583 2626 630 2642 om.
648 2617 696 2640 Tl'
812 2616 842 2640 19
866 2614 943 2647 uices]
971 2616 1040 2640 uiros
1060 2615 1086 2639 E
1200 2614 1230 2639 21
1257 2612 1366 2646 labores]
1393 2614 1500 2637 honores
1520 2612 1559 2635 Β)
1639 2609 1673 2642 et]
1697 2610 1772 2634 etiam
1794 2610 1815 2632 A

165 2659 199 2685 23
218 2659 293 2692 uelle]
309 2660 470 2690 PTI'EFA,
489 2670 536 2684 om.
548 2661 625 2684 Lm<
679 2661 724 2685 hoc
745 2660 824 2683 inulto
904 2658 936 2683 24
955 2659 1042 2683 abesse
1061 2668 1109 2683 0111.
1127 2658 1175 2681 ΤΓ
1225 2655 1405 2690 praestant-ius]
1425 2655 1582 2681 constantius
1597 2654 1624 2678 F
1707 2651 1740 2676 ⁶24
1759 2660 1816 2675 con-

167 2704 258 2728 mulias
278 2703 328 2733 E¹‚
353 2704 526 2728 eoutumulias
546 2704 594 2734 15¹²,
622 2704 749 2727 t-ontraria
768 2703 858 2727 melius
878 2702 900 2725 T
914 2701 977 2732 (nou
993 2702 1026 2733 Γ)
1148 2701 1182 2726 25
1206 2700 1252 2733 est]
1277 2710 1289 2725 e
1310 2701 1334 2724 P
1453 2700 1486 2723 2ss
1510 2699 1576 2722 bunc
1601 2698 1678 2729 igitur
1698 2702 1768 2726 (ergo
1783 2694 1816 2717 R!

167 2746 297 2779 1101101001]
321 2747 363 2771 hie
388 2748 421 2779 ig.
445 2748 525 2772 honor
542 2747 595 2771 EF
662 2745 722 2777 lam]
743 2746 841 2778 scripsi,
866 2754 940 2777 quem
959 2745 1018 2769 libri
1123 2744 1155 2768 28
1180 2745 1292 2769 noscitur
1316 2741 1470 2776 prouisionel
1496 2750 1565 2773 prou.
1591 2747 1648 2763 tom.
1670 2744 1748 2763 nese!
1770 2737 1818 2764 1³⁸.

167 2799 239 2822 prou.
259 2798 328 2814 noso.
349 2789 390 2813 Pb
500 2790 532 2814 29
551 2791 709 2815 abducerent
728 2788 809 2821 Jf¹[⁴?]
919 2787 949 2812 31
971 2789 1114 2813 secundiani
1136 2788 1176 2812 Pa
1285 2786 1318 2812 32
1337 2784 1503 2817 doctissimos]
1528 2784 1699 2809 edoctissiinos
1718 2790 1771 2805 esse
1791 2780 1818 2810 T,

167 2833 332 2857 electissimos
350 2841 405 2857 esse
424 2833 448 2856 U
549 2833 582 2858 33
601 2833 697 2857 sentia*
717 2831 757 2856 11λ
828 2832 949 2864 praefecti
968 2831 1017 2855 BA

271 2878 454 2904 CASSmDORvS.
1627 2871 1660 2896 24

1835 2061 1843 2077 '3
1846 2063 1858 2077 0

1873 779 1890 807 [Φ

1877 1849 1894 1876 ΙΨ
