<?xml version="1.0" encoding="UTF-8"?>
<!DOCTYPE html PUBLIC "-//W3C//DTD XHTML 1.0 Transitional//EN"
    "http://www.w3.org/TR/xhtml1/DTD/xhtml1-transitional.dtd">
<html xmlns="http://www.w3.org/1999/xhtml" xml:lang="en" lang="en">
 <head>
  <title>
</title>
<meta http-equiv="Content-Type" content="text/html;charset=utf-8" />
  <meta name='ocr-system' content='tesseract 3.04.00' />
  <meta name='ocr-capabilities' content='ocr_page ocr_carea ocr_par ocr_line ocrx_word'/>
</head>
<body>
  <div class='ocr_page' id='page_1' title='image "./cassiodorisenato00cass_0106.png"; bbox 0 0 2279 3261; ppageno 0'>
   <div class='ocr_carea' id='block_1_1' title="bbox 400 424 424 448">
    <p class='ocr_par' dir='ltr' id='par_1_1' title="bbox 400 424 424 448">
     <span class='ocr_line' id='line_1_1' title="bbox 400 424 424 448; baseline 0 0"><span class='ocrx_word' id='word_1_1' title='bbox 400 424 424 448; x_wconf 92' lang='lat' dir='ltr'><em>T</em></span> 
     </span>
    </p>
   </div>
   <div class='ocr_carea' id='block_1_2' title="bbox 397 775 421 799">
    <p class='ocr_par' dir='ltr' id='par_1_2' title="bbox 397 775 421 799">
     <span class='ocr_line' id='line_1_2' title="bbox 397 775 421 799; baseline -0.083 0"><span class='ocrx_word' id='word_1_2' title='bbox 397 775 421 799; x_wconf 85' lang='lat' dir='ltr'><strong>U</strong></span> 
     </span>
    </p>
   </div>
   <div class='ocr_carea' id='block_1_3' title="bbox 390 1375 416 1399">
    <p class='ocr_par' dir='ltr' id='par_1_3' title="bbox 390 1375 416 1399">
     <span class='ocr_line' id='line_1_3' title="bbox 390 1375 416 1399; baseline -0.077 0"><span class='ocrx_word' id='word_1_3' title='bbox 390 1375 416 1399; x_wconf 78' lang='lat' dir='ltr'><strong>I)</strong></span> 
     </span>
    </p>
   </div>
   <div class='ocr_carea' id='block_1_4' title="bbox 441 170 1471 200">
    <p class='ocr_par' dir='ltr' id='par_1_4' title="bbox 441 170 1471 200">
     <span class='ocr_line' id='line_1_4' title="bbox 441 170 1471 200; baseline -0.001 0"><span class='ocrx_word' id='word_1_4' title='bbox 441 175 459 200; x_wconf 66' lang='grc' dir='ltr'><strong>Ο</strong></span> <span class='ocrx_word' id='word_1_5' title='bbox 1055 170 1284 198; x_wconf 85' lang='lat' dir='ltr'><strong>CONSPECTUS</strong></span> <span class='ocrx_word' id='word_1_6' title='bbox 1304 171 1471 199; x_wconf 87' lang='lat' dir='ltr'><strong>CODICUM.</strong></span> 
     </span>
    </p>
   </div>
   <div class='ocr_carea' id='block_1_5' title="bbox 954 279 1573 393">
    <p class='ocr_par' dir='ltr' id='par_1_5' title="bbox 954 279 1573 393">
     <span class='ocr_line' id='line_1_5' title="bbox 1015 279 1520 328; baseline 0.004 -2"><span class='ocrx_word' id='word_1_7' title='bbox 1015 279 1203 327; x_wconf 85' lang='lat' dir='ltr'>ORDO</span> <span class='ocrx_word' id='word_1_8' title='bbox 1237 281 1520 328; x_wconf 86' lang='lat' dir='ltr'><strong>TERTIUS</strong></span> 
     </span>
     <span class='ocr_line' id='line_1_6' title="bbox 954 351 1573 393; baseline 0 -10"><span class='ocrx_word' id='word_1_9' title='bbox 954 351 1210 383; x_wconf 80' lang='lat' dir='ltr'>OONTINENS</span> <span class='ocrx_word' id='word_1_10' title='bbox 1240 351 1277 383; x_wconf 87' lang='lat' dir='ltr'><strong>L.</strong></span> <span class='ocrx_word' id='word_1_11' title='bbox 1300 352 1497 393; x_wconf 73' lang='lat' dir='ltr'><strong>vr-vm,</strong></span> <span class='ocrx_word' id='word_1_12' title='bbox 1526 355 1573 384; x_wconf 86' lang='lat'><strong>10.</strong></span> 
     </span>
    </p>
   </div>
   <div class='ocr_carea' id='block_1_6' title="bbox 434 421 2087 1152">
    <p class='ocr_par' dir='ltr' id='par_1_6' title="bbox 435 421 2087 757">
     <span class='ocr_line' id='line_1_7' title="bbox 540 421 2086 455; baseline 0.001 -8"><span class='ocrx_word' id='word_1_13' title='bbox 540 423 580 448; x_wconf 66' lang='lat'><strong>83.</strong></span> <span class='ocrx_word' id='word_1_14' title='bbox 600 422 861 447; x_wconf 76' lang='lat' dir='ltr'>BRESLAVIENSIS</span> <span class='ocrx_word' id='word_1_15' title='bbox 879 422 965 446; x_wconf 88' lang='lat' dir='ltr'><strong>BIBL.</strong></span> <span class='ocrx_word' id='word_1_16' title='bbox 984 422 1106 446; x_wconf 90' lang='lat' dir='ltr'>CIVIUM</span> <span class='ocrx_word' id='word_1_17' title='bbox 1125 423 1154 447; x_wconf 92' lang='lat' dir='ltr'><strong>N.</strong></span> <span class='ocrx_word' id='word_1_18' title='bbox 1168 421 1208 454; x_wconf 83' lang='lat'><strong>63,</strong></span> <span class='ocrx_word' id='word_1_19' title='bbox 1227 431 1302 454; x_wconf 86' lang='lat' dir='ltr'><strong>quem</strong></span> <span class='ocrx_word' id='word_1_20' title='bbox 1321 431 1399 455; x_wconf 85' lang='lat' dir='ltr'><strong>supra</strong></span> <span class='ocrx_word' id='word_1_21' title='bbox 1417 431 1442 447; x_wconf 89' lang='lat' dir='ltr'><strong>n.</strong></span> <span class='ocrx_word' id='word_1_22' title='bbox 1460 421 1490 447; x_wconf 93' lang='grc'><strong>11</strong></span> <span class='ocrx_word' id='word_1_23' title='bbox 1511 422 1563 446; x_wconf 84' lang='lat' dir='ltr'>dixi</span> <span class='ocrx_word' id='word_1_24' title='bbox 1583 422 1794 454; x_wconf 77' lang='lat' dir='ltr'>comprehendere</span> <span class='ocrx_word' id='word_1_25' title='bbox 1816 424 1931 455; x_wconf 85' lang='lat' dir='ltr'><strong>exempla</strong></span> <span class='ocrx_word' id='word_1_26' title='bbox 1955 423 2086 448; x_wconf 77' lang='lat' dir='ltr'><strong>varlarum</strong></span> 
     </span>
     <span class='ocr_line' id='line_1_8' title="bbox 438 465 2085 499; baseline 0 -8"><span class='ocrx_word' id='word_1_27' title='bbox 438 467 495 497; x_wconf 79' lang='lat' dir='ltr'><strong>duo,</strong></span> <span class='ocrx_word' id='word_1_28' title='bbox 515 467 558 491; x_wconf 81' lang='lat' dir='ltr'><strong>sed</strong></span> <span class='ocrx_word' id='word_1_29' title='bbox 577 466 670 497; x_wconf 84' lang='lat' dir='ltr'><strong>scripta</strong></span> <span class='ocrx_word' id='word_1_30' title='bbox 688 465 775 489; x_wconf 85' lang='lat' dir='ltr'><strong>eadem</strong></span> <span class='ocrx_word' id='word_1_31' title='bbox 792 472 877 495; x_wconf 78' lang='lat' dir='ltr'><strong>mann,</strong></span> <span class='ocrx_word' id='word_1_32' title='bbox 897 468 921 489; x_wconf 88' lang='lat' dir='ltr'><strong>et</strong></span> <span class='ocrx_word' id='word_1_33' title='bbox 934 465 977 495; x_wconf 80' lang='lat' dir='ltr'><strong>ita,</strong></span> <span class='ocrx_word' id='word_1_34' title='bbox 998 465 1066 489; x_wconf 84' lang='lat' dir='ltr'><strong>utin</strong></span> <span class='ocrx_word' id='word_1_35' title='bbox 1079 465 1168 495; x_wconf 79' lang='lat' dir='ltr'><strong>eadem</strong></span> <span class='ocrx_word' id='word_1_36' title='bbox 1181 466 1281 497; x_wconf 83' lang='lat' dir='ltr'><strong>pagina,</strong></span> <span class='ocrx_word' id='word_1_37' title='bbox 1301 465 1345 490; x_wconf 87' lang='lat' dir='ltr'><strong>ubi</strong></span> <span class='ocrx_word' id='word_1_38' title='bbox 1359 466 1429 497; x_wconf 84' lang='lat' dir='ltr'><strong>prius</strong></span> <span class='ocrx_word' id='word_1_39' title='bbox 1443 465 1588 497; x_wconf 83' lang='lat' dir='ltr'><strong>exemplum</strong></span> <span class='ocrx_word' id='word_1_40' title='bbox 1602 465 1702 496; x_wconf 83' lang='lat' dir='ltr'><strong>desinit⁷</strong></span> <span class='ocrx_word' id='word_1_41' title='bbox 1721 465 1828 490; x_wconf 79' lang='lat' dir='ltr'><strong>alterum</strong></span> <span class='ocrx_word' id='word_1_42' title='bbox 1841 466 1954 499; x_wconf 79' lang='lat' dir='ltr'><strong>incipiat,</strong></span> <span class='ocrx_word' id='word_1_43' title='bbox 1974 467 2085 491; x_wconf 84' lang='lat' dir='ltr'><strong>secundo</strong></span> 
     </span>
     <span class='ocr_line' id='line_1_9' title="bbox 437 507 2085 541; baseline 0.001 -8"><span class='ocrx_word' id='word_1_44' title='bbox 437 510 491 533; x_wconf 77' lang='lat' dir='ltr'><strong>loco</strong></span> <span class='ocrx_word' id='word_1_45' title='bbox 514 510 591 533; x_wconf 85' lang='lat' dir='ltr'><strong>habet</strong></span> <span class='ocrx_word' id='word_1_46' title='bbox 609 516 696 533; x_wconf 81' lang='lat' dir='ltr'><strong>earum</strong></span> <span class='ocrx_word' id='word_1_47' title='bbox 715 508 730 531; x_wconf 95' lang='lat' dir='ltr'><strong>l.</strong></span> <span class='ocrx_word' id='word_1_48' title='bbox 742 508 777 531; x_wconf 89' lang='lat' dir='ltr'><strong>VI</strong></span> <span class='ocrx_word' id='word_1_49' title='bbox 796 508 935 539; x_wconf 81' lang='lat' dir='ltr'><strong>integrum,</strong></span> <span class='ocrx_word' id='word_1_50' title='bbox 961 508 1035 532; x_wconf 83' lang='lat' dir='ltr'>LVII</span> <span class='ocrx_word' id='word_1_51' title='bbox 1053 508 1085 532; x_wconf 84' lang='lat' dir='ltr'><strong>ad</strong></span> <span class='ocrx_word' id='word_1_52' title='bbox 1108 516 1147 540; x_wconf 84' lang='lat' dir='ltr'><strong>ep.</strong></span> <span class='ocrx_word' id='word_1_53' title='bbox 1160 508 1192 532; x_wconf 81' lang='lat'><strong>21</strong></span> <span class='ocrx_word' id='word_1_54' title='bbox 1212 509 1281 533; x_wconf 83' lang='lat' dir='ltr'><strong>verb.</strong></span> <span class='ocrx_word' id='word_1_55' title='bbox 1302 518 1325 541; x_wconf 88' lang='lat' dir='ltr'><strong>p.</strong></span> <span class='ocrx_word' id='word_1_56' title='bbox 1339 507 1440 539; x_wconf 70' lang='grc' dir='ltr'>214,Ξῖ</span> <span class='ocrx_word' id='word_1_57' title='bbox 1459 509 1589 540; x_wconf 72' lang='lat' dir='ltr'><em>quantitas</em></span> <span class='ocrx_word' id='word_1_58' title='bbox 1607 508 1742 541; x_wconf 73' lang='lat' dir='ltr'><strong>deferatur</strong></span> <span class='ocrx_word' id='word_1_59' title='bbox 1759 517 1790 533; x_wconf 78' lang='lat' dir='ltr'><strong>ne</strong></span> <span class='ocrx_word' id='word_1_60' title='bbox 1809 509 1935 540; x_wconf 72' lang='lat' dir='ltr'><strong>opinionis</strong></span> <span class='ocrx_word' id='word_1_61' title='bbox 1954 514 1979 535; x_wconf 85' lang='lat' dir='ltr'><strong>et</strong></span> <span class='ocrx_word' id='word_1_62' title='bbox 1997 518 2085 535; x_wconf 81' lang='lat' dir='ltr'><strong>rursus</strong></span> 
     </span>
     <span class='ocr_line' id='line_1_10' title="bbox 436 549 2087 585; baseline 0.001 -9"><span class='ocrx_word' id='word_1_63' title='bbox 436 561 474 585; x_wconf 79' lang='lat' dir='ltr'><strong>ep.</strong></span> <span class='ocrx_word' id='word_1_64' title='bbox 488 550 589 576; x_wconf 72' lang='lat'><strong>26—32</strong></span> <span class='ocrx_word' id='word_1_65' title='bbox 613 551 682 575; x_wconf 89' lang='lat' dir='ltr'><strong>verb.</strong></span> <span class='ocrx_word' id='word_1_66' title='bbox 702 549 821 583; x_wconf 78' lang='lat' dir='ltr'><strong>p.219‚7</strong></span> <span class='ocrx_word' id='word_1_67' title='bbox 841 551 943 582; x_wconf 74' lang='lat' dir='ltr'><strong>qncmdo</strong></span> <span class='ocrx_word' id='word_1_68' title='bbox 961 559 1072 581; x_wconf 69' lang='lat' dir='ltr'><strong>necesse,</strong></span> <span class='ocrx_word' id='word_1_69' title='bbox 1096 551 1206 583; x_wconf 85' lang='lat' dir='ltr'><strong>denique</strong></span> <span class='ocrx_word' id='word_1_70' title='bbox 1229 552 1309 583; x_wconf 83' lang='lat' dir='ltr'><strong>spatio</strong></span> <span class='ocrx_word' id='word_1_71' title='bbox 1333 560 1454 576; x_wconf 86' lang='lat' dir='ltr'><strong>versuum</strong></span> <span class='ocrx_word' id='word_1_72' title='bbox 1478 556 1573 584; x_wconf 81' lang='lat' dir='ltr'><strong>septem</strong></span> <span class='ocrx_word' id='word_1_73' title='bbox 1597 559 1679 576; x_wconf 78' lang='lat' dir='ltr'><strong>vacuo</strong></span> <span class='ocrx_word' id='word_1_74' title='bbox 1702 552 1790 576; x_wconf 84' lang='lat' dir='ltr'><strong>relicto</strong></span> <span class='ocrx_word' id='word_1_75' title='bbox 1812 560 1851 584; x_wconf 85' lang='lat' dir='ltr'><strong>ep.</strong></span> <span class='ocrx_word' id='word_1_76' title='bbox 1864 551 1975 584; x_wconf 80' lang='lat'><strong>36—47,</strong></span> <span class='ocrx_word' id='word_1_77' title='bbox 1998 553 2013 577; x_wconf 94' lang='lat' dir='ltr'><strong>l.</strong></span> <span class='ocrx_word' id='word_1_78' title='bbox 2026 554 2087 577; x_wconf 85' lang='lat' dir='ltr'>VIII</span> 
     </span>
     <span class='ocr_line' id='line_1_11' title="bbox 437 592 2087 627; baseline 0.001 -8"><span class='ocrx_word' id='word_1_79' title='bbox 437 604 475 627; x_wconf 87' lang='lat' dir='ltr'><strong>ep.</strong></span> <span class='ocrx_word' id='word_1_80' title='bbox 491 593 573 619; x_wconf 64' lang='lat'>1-10</span> <span class='ocrx_word' id='word_1_81' title='bbox 592 594 760 626; x_wconf 86' lang='lat' dir='ltr'><strong>(transpositis</strong></span> <span class='ocrx_word' id='word_1_82' title='bbox 779 602 836 626; x_wconf 87' lang='lat' dir='ltr'><strong>epp.</strong></span> <span class='ocrx_word' id='word_1_83' title='bbox 850 592 873 618; x_wconf 86' lang='lat'><strong>3.</strong></span> <span class='ocrx_word' id='word_1_84' title='bbox 887 592 914 624; x_wconf 85' lang='lat'><strong>4)</strong></span> <span class='ocrx_word' id='word_1_85' title='bbox 933 594 966 618; x_wconf 86' lang='lat' dir='ltr'><strong>ad</strong></span> <span class='ocrx_word' id='word_1_86' title='bbox 990 594 1059 618; x_wconf 83' lang='lat' dir='ltr'>verb.</span> <span class='ocrx_word' id='word_1_87' title='bbox 1080 592 1138 625; x_wconf 73' lang='lat'><strong>241,</strong></span> <span class='ocrx_word' id='word_1_88' title='bbox 1152 593 1168 618; x_wconf 81' lang='lat'><strong>9</strong></span> <span class='ocrx_word' id='word_1_89' title='bbox 1192 595 1310 619; x_wconf 79' lang='lat' dir='ltr'><em>memorie</em></span> <span class='ocrx_word' id='word_1_90' title='bbox 1333 603 1433 618; x_wconf 72' lang='lat' dir='ltr'><strong>sensum</strong></span> <span class='ocrx_word' id='word_1_91' title='bbox 1456 594 1615 626; x_wconf 73' lang='lat' dir='ltr'><strong>relinquitur.</strong></span> <span class='ocrx_word' id='word_1_92' title='bbox 1651 595 1794 619; x_wconf 82' lang='lat' dir='ltr'><strong>versiculus</strong></span> <span class='ocrx_word' id='word_1_93' title='bbox 1817 598 1945 620; x_wconf 84' lang='lat' dir='ltr'><strong>extremus</strong></span> <span class='ocrx_word' id='word_1_94' title='bbox 1971 604 2022 620; x_wconf 89' lang='lat' dir='ltr'><strong>uon</strong></span> <span class='ocrx_word' id='word_1_95' title='bbox 2048 599 2087 620; x_wconf 84' lang='lat' dir='ltr'><strong>est</strong></span> 
     </span>
     <span class='ocr_line' id='line_1_12' title="bbox 436 637 2086 670; baseline 0 -8"><span class='ocrx_word' id='word_1_96' title='bbox 436 638 591 670; x_wconf 76' lang='lat' dir='ltr'><strong>perscriptus</strong></span> <span class='ocrx_word' id='word_1_97' title='bbox 610 641 634 662; x_wconf 89' lang='lat' dir='ltr'><strong>et</strong></span> <span class='ocrx_word' id='word_1_98' title='bbox 657 637 736 662; x_wconf 82' lang='lat' dir='ltr'>codex</span> <span class='ocrx_word' id='word_1_99' title='bbox 760 637 813 669; x_wconf 86' lang='lat' dir='ltr'><strong>ipse</strong></span> <span class='ocrx_word' id='word_1_100' title='bbox 837 641 886 661; x_wconf 85' lang='lat' dir='ltr'><strong>tam</strong></span> <span class='ocrx_word' id='word_1_101' title='bbox 910 637 981 661; x_wconf 86' lang='lat' dir='ltr'><strong>initio</strong></span> <span class='ocrx_word' id='word_1_102' title='bbox 1006 645 1083 669; x_wconf 85' lang='lat' dir='ltr'><strong>quam</strong></span> <span class='ocrx_word' id='word_1_103' title='bbox 1106 637 1156 661; x_wconf 85' lang='lat' dir='ltr'><strong>fine</strong></span> <span class='ocrx_word' id='word_1_104' title='bbox 1181 637 1287 669; x_wconf 80' lang='lat' dir='ltr'><strong>integer,</strong></span> <span class='ocrx_word' id='word_1_105' title='bbox 1313 637 1454 669; x_wconf 82' lang='lat' dir='ltr'><strong>descriptus</strong></span> <span class='ocrx_word' id='word_1_106' title='bbox 1479 638 1575 662; x_wconf 88' lang='lat' dir='ltr'><strong>scilicet</strong></span> <span class='ocrx_word' id='word_1_107' title='bbox 1600 645 1631 661; x_wconf 79' lang='lat' dir='ltr'><strong>ex</strong></span> <span class='ocrx_word' id='word_1_108' title='bbox 1655 638 1800 670; x_wconf 80' lang='lat' dir='ltr'>archetypis</span> <span class='ocrx_word' id='word_1_109' title='bbox 1825 638 1928 662; x_wconf 87' lang='lat' dir='ltr'><strong>mutilis.</strong></span> <span class='ocrx_word' id='word_1_110' title='bbox 1969 638 2086 663; x_wconf 72' lang='lat' dir='ltr'>laterculi</span> 
     </span>
     <span class='ocr_line' id='line_1_13' title="bbox 435 680 2083 714; baseline 0.001 -9"><span class='ocrx_word' id='word_1_111' title='bbox 435 681 600 713; x_wconf 77' lang='lat' dir='ltr'>epistularum</span> <span class='ocrx_word' id='word_1_112' title='bbox 619 685 644 705; x_wconf 84' lang='lat' dir='ltr'><strong>et</strong></span> <span class='ocrx_word' id='word_1_113' title='bbox 661 680 821 712; x_wconf 83' lang='lat' dir='ltr'><strong>singularum</strong></span> <span class='ocrx_word' id='word_1_114' title='bbox 840 680 1017 712; x_wconf 78' lang='lat' dir='ltr'>inscriptiones</span> <span class='ocrx_word' id='word_1_115' title='bbox 1036 681 1213 705; x_wconf 80' lang='lat' dir='ltr'>desiderantur</span> <span class='ocrx_word' id='word_1_116' title='bbox 1231 690 1278 706; x_wconf 83' lang='lat' dir='ltr'><strong>nee</strong></span> <span class='ocrx_word' id='word_1_117' title='bbox 1297 682 1377 713; x_wconf 83' lang='lat' dir='ltr'><strong>magis</strong></span> <span class='ocrx_word' id='word_1_118' title='bbox 1391 682 1485 706; x_wconf 80' lang='lat' dir='ltr'>adsunt</span> <span class='ocrx_word' id='word_1_119' title='bbox 1497 681 1619 706; x_wconf 87' lang='lat' dir='ltr'><strong>librorum</strong></span> <span class='ocrx_word' id='word_1_120' title='bbox 1633 682 1809 714; x_wconf 79' lang='lat' dir='ltr'><strong>inscriptiones</strong></span> <span class='ocrx_word' id='word_1_121' title='bbox 1823 682 1864 706; x_wconf 85' lang='lat' dir='ltr'><strong>vel</strong></span> <span class='ocrx_word' id='word_1_122' title='bbox 1877 682 2083 714; x_wconf 80' lang='lat' dir='ltr'><strong>subscriptiones.</strong></span> 
     </span>
     <span class='ocr_line' id='line_1_14' title="bbox 435 723 2046 757; baseline 0.001 -9"><span class='ocrx_word' id='word_1_123' title='bbox 435 725 528 748; x_wconf 90' lang='lat' dir='ltr'><strong>librum</strong></span> <span class='ocrx_word' id='word_1_124' title='bbox 547 732 563 748; x_wconf 89' lang='lat' dir='ltr'><strong>a</strong></span> <span class='ocrx_word' id='word_1_125' title='bbox 581 724 708 748; x_wconf 82' lang='lat' dir='ltr'><strong>Guilelmo</strong></span> <span class='ocrx_word' id='word_1_126' title='bbox 721 725 809 755; x_wconf 82' lang='lat' dir='ltr'>Meyer</span> <span class='ocrx_word' id='word_1_127' title='bbox 827 723 961 755; x_wconf 77' lang='lat' dir='ltr'><strong>diligenter</strong></span> <span class='ocrx_word' id='word_1_128' title='bbox 980 723 1103 748; x_wconf 87' lang='lat' dir='ltr'><strong>collatum</strong></span> <span class='ocrx_word' id='word_1_129' title='bbox 1121 725 1264 749; x_wconf 86' lang='lat' dir='ltr'><strong>Kruschius</strong></span> <span class='ocrx_word' id='word_1_130' title='bbox 1284 725 1439 757; x_wconf 82' lang='lat' dir='ltr'><strong>recognovit.</strong></span> <span class='ocrx_word' id='word_1_131' title='bbox 1460 738 1492 741; x_wconf 92' lang='lat'><strong>—-</strong></span> <span class='ocrx_word' id='word_1_132' title='bbox 1512 725 1560 757; x_wconf 85' lang='lat' dir='ltr'><strong>Egi</strong></span> <span class='ocrx_word' id='word_1_133' title='bbox 1579 725 1609 749; x_wconf 84' lang='lat' dir='ltr'><strong>de</strong></span> <span class='ocrx_word' id='word_1_134' title='bbox 1628 725 1713 749; x_wconf 80' lang='lat' dir='ltr'><strong>codice</strong></span> <span class='ocrx_word' id='word_1_135' title='bbox 1732 725 1758 749; x_wconf 94' lang='lat' dir='ltr'><strong>in</strong></span> <span class='ocrx_word' id='word_1_136' title='bbox 1777 725 1912 749; x_wconf 82' lang='lat' dir='ltr'><strong>diacriticis</strong></span> <span class='ocrx_word' id='word_1_137' title='bbox 1931 734 1954 757; x_wconf 89' lang='lat' dir='ltr'><strong>p.</strong></span> <span class='ocrx_word' id='word_1_138' title='bbox 1968 725 2046 750; x_wconf 85' lang='lat' dir='ltr'>LVII.</span> 
     </span>
    </p>

    <p class='ocr_par' dir='ltr' id='par_1_7' title="bbox 434 774 2087 1152">
     <span class='ocr_line' id='line_1_15' title="bbox 539 774 2086 808; baseline 0.002 -10"><span class='ocrx_word' id='word_1_139' title='bbox 539 774 608 799; x_wconf 71' lang='lat' dir='ltr'><strong>S3A.</strong></span> <span class='ocrx_word' id='word_1_140' title='bbox 633 775 805 799; x_wconf 72' lang='lat' dir='ltr'>CAESENAS</span> <span class='ocrx_word' id='word_1_141' title='bbox 828 776 1081 800; x_wconf 84' lang='lat' dir='ltr'>BIBLIOTHECAE</span> <span class='ocrx_word' id='word_1_142' title='bbox 1105 777 1397 801; x_wconf 77' lang='lat' dir='ltr'><strong>MALATESTIANAE</strong></span> <span class='ocrx_word' id='word_1_143' title='bbox 1415 775 1595 807; x_wconf 83' lang='lat' dir='ltr'><strong>PLUT.13‚3</strong></span> <span class='ocrx_word' id='word_1_144' title='bbox 1614 777 1746 808; x_wconf 57' lang='lat' dir='ltr'>DEXTR„</span> <span class='ocrx_word' id='word_1_145' title='bbox 1772 777 1802 801; x_wconf 88' lang='lat' dir='ltr'><strong>‹le</strong></span> <span class='ocrx_word' id='word_1_146' title='bbox 1825 785 1875 808; x_wconf 92' lang='lat' dir='ltr'><strong>quo</strong></span> <span class='ocrx_word' id='word_1_147' title='bbox 1898 777 1965 801; x_wconf 86' lang='lat' dir='ltr'><strong>infra</strong></span> <span class='ocrx_word' id='word_1_148' title='bbox 1984 785 2008 801; x_wconf 90' lang='lat' dir='ltr'><strong>n.</strong></span> <span class='ocrx_word' id='word_1_149' title='bbox 2022 775 2086 801; x_wconf 82' lang='lat' dir='ltr'><strong>93A</strong></span> 
     </span>
     <span class='ocr_line' id='line_1_16' title="bbox 436 818 2086 852; baseline 0.001 -10"><span class='ocrx_word' id='word_1_150' title='bbox 436 818 540 849; x_wconf 79' lang='lat' dir='ltr'><strong>dicetur,</strong></span> <span class='ocrx_word' id='word_1_151' title='bbox 565 822 664 850; x_wconf 82' lang='lat' dir='ltr'><strong>praeter</strong></span> <span class='ocrx_word' id='word_1_152' title='bbox 687 818 736 842; x_wconf 89' lang='lat' dir='ltr'><strong>alia</strong></span> <span class='ocrx_word' id='word_1_153' title='bbox 758 818 860 842; x_wconf 84' lang='lat' dir='ltr'><strong>inutilia</strong></span> <span class='ocrx_word' id='word_1_154' title='bbox 882 819 958 843; x_wconf 85' lang='lat' dir='ltr'><strong>habet</strong></span> <span class='ocrx_word' id='word_1_155' title='bbox 981 819 1075 843; x_wconf 87' lang='lat' dir='ltr'><strong>librum</strong></span> <span class='ocrx_word' id='word_1_156' title='bbox 1088 819 1123 843; x_wconf 85' lang='lat' dir='ltr'><strong>VI</strong></span> <span class='ocrx_word' id='word_1_157' title='bbox 1145 819 1273 851; x_wconf 77' lang='lat' dir='ltr'><strong>integrum</strong></span> <span class='ocrx_word' id='word_1_158' title='bbox 1292 823 1317 844; x_wconf 82' lang='lat' dir='ltr'><strong>et</strong></span> <span class='ocrx_word' id='word_1_159' title='bbox 1335 827 1366 844; x_wconf 85' lang='lat' dir='ltr'><strong>ex</strong></span> <span class='ocrx_word' id='word_1_160' title='bbox 1380 820 1427 843; x_wconf 92' lang='lat' dir='ltr'><strong>VII</strong></span> <span class='ocrx_word' id='word_1_161' title='bbox 1447 820 1533 844; x_wconf 82' lang='lat' dir='ltr'><strong>eadem</strong></span> <span class='ocrx_word' id='word_1_162' title='bbox 1553 821 1616 850; x_wconf 85' lang='lat' dir='ltr'><strong>fere,</strong></span> <span class='ocrx_word' id='word_1_163' title='bbox 1640 828 1797 852; x_wconf 84' lang='lat' dir='ltr'><strong>quamquam</strong></span> <span class='ocrx_word' id='word_1_164' title='bbox 1817 820 1931 852; x_wconf 86' lang='lat' dir='ltr'><strong>paullum</strong></span> <span class='ocrx_word' id='word_1_165' title='bbox 1951 820 2086 844; x_wconf 81' lang='lat' dir='ltr'><strong>imminuta</strong></span> 
     </span>
     <span class='ocr_line' id='line_1_17' title="bbox 435 860 2085 895; baseline 0.001 -10"><span class='ocrx_word' id='word_1_166' title='bbox 435 870 501 893; x_wconf 82' lang='lat' dir='ltr'><strong>quae</strong></span> <span class='ocrx_word' id='word_1_167' title='bbox 524 861 645 893; x_wconf 83' lang='lat' dir='ltr'><strong>leguntur</strong></span> <span class='ocrx_word' id='word_1_168' title='bbox 668 861 694 885; x_wconf 91' lang='lat' dir='ltr'><strong>in</strong></span> <span class='ocrx_word' id='word_1_169' title='bbox 712 861 894 892; x_wconf 79' lang='lat' dir='ltr'><strong>ssreslaviensi,</strong></span> <span class='ocrx_word' id='word_1_170' title='bbox 919 861 1016 886; x_wconf 82' lang='lat' dir='ltr'><strong>scilieet</strong></span> <span class='ocrx_word' id='word_1_171' title='bbox 1036 860 1121 885; x_wconf 72' lang='lat'>1—21</span> <span class='ocrx_word' id='word_1_172' title='bbox 1147 862 1181 886; x_wconf 82' lang='lat' dir='ltr'><strong>ad</strong></span> <span class='ocrx_word' id='word_1_173' title='bbox 1199 863 1277 887; x_wconf 88' lang='lat' dir='ltr'><strong>verba</strong></span> <span class='ocrx_word' id='word_1_174' title='bbox 1296 871 1319 894; x_wconf 88' lang='lat' dir='ltr'><strong>p.</strong></span> <span class='ocrx_word' id='word_1_175' title='bbox 1333 861 1434 893; x_wconf 50' lang='lat'>2142&amp;</span> <span class='ocrx_word' id='word_1_176' title='bbox 1454 871 1483 887; x_wconf 79' lang='lat' dir='ltr'><strong>ue</strong></span> <span class='ocrx_word' id='word_1_177' title='bbox 1502 863 1628 894; x_wconf 71' lang='lat' dir='ltr'><strong>opinionis</strong></span> <span class='ocrx_word' id='word_1_178' title='bbox 1646 867 1671 887; x_wconf 89' lang='lat' dir='ltr'><strong>et</strong></span> <span class='ocrx_word' id='word_1_179' title='bbox 1688 861 1800 888; x_wconf 74' lang='lat'><strong>26—32</strong></span> <span class='ocrx_word' id='word_1_180' title='bbox 1817 863 1850 887; x_wconf 86' lang='lat' dir='ltr'><strong>ad</strong></span> <span class='ocrx_word' id='word_1_181' title='bbox 1870 863 1948 888; x_wconf 84' lang='lat' dir='ltr'><strong>verba</strong></span> <span class='ocrx_word' id='word_1_182' title='bbox 1965 871 1989 895; x_wconf 91' lang='lat' dir='ltr'><strong>p.</strong></span> <span class='ocrx_word' id='word_1_183' title='bbox 2000 861 2085 894; x_wconf 82' lang='lat'><strong>219,6</strong></span> 
     </span>
     <span class='ocr_line' id='line_1_18' title="bbox 434 903 2085 938; baseline 0.001 -10"><span class='ocrx_word' id='word_1_184' title='bbox 434 905 502 935; x_wconf 69' lang='lat' dir='ltr'><strong>qnod</strong></span> <span class='ocrx_word' id='word_1_185' title='bbox 521 904 647 928; x_wconf 74' lang='lat' dir='ltr'><strong>uenalitas</strong></span> <span class='ocrx_word' id='word_1_186' title='bbox 665 908 689 928; x_wconf 90' lang='lat' dir='ltr'><strong>et</strong></span> <span class='ocrx_word' id='word_1_187' title='bbox 707 903 818 929; x_wconf 74' lang='grc'>36-42</span> <span class='ocrx_word' id='word_1_188' title='bbox 836 905 867 928; x_wconf 89' lang='lat' dir='ltr'><strong>ad</strong></span> <span class='ocrx_word' id='word_1_189' title='bbox 886 905 964 929; x_wconf 78' lang='lat' dir='ltr'><strong>verba</strong></span> <span class='ocrx_word' id='word_1_190' title='bbox 982 913 1005 936; x_wconf 89' lang='lat' dir='ltr'><strong>p.</strong></span> <span class='ocrx_word' id='word_1_191' title='bbox 1016 903 1075 935; x_wconf 72' lang='grc'><strong>223,</strong></span> <span class='ocrx_word' id='word_1_192' title='bbox 1088 904 1117 928; x_wconf 76' lang='grc'>17</span> <span class='ocrx_word' id='word_1_193' title='bbox 1137 914 1188 929; x_wconf 80' lang='lat' dir='ltr'><strong>non</strong></span> <span class='ocrx_word' id='word_1_194' title='bbox 1207 905 1273 930; x_wconf 72' lang='lat' dir='ltr'><strong>enim</strong></span> <span class='ocrx_word' id='word_1_195' title='bbox 1292 910 1343 929; x_wconf 72' lang='lat' dir='ltr'><strong>tuln</strong></span> <span class='ocrx_word' id='word_1_196' title='bbox 1362 906 1524 938; x_wconf 76' lang='lat' dir='ltr'><strong>interpositis,</strong></span> <span class='ocrx_word' id='word_1_197' title='bbox 1547 906 1593 930; x_wconf 84' lang='lat' dir='ltr'><strong>ubi</strong></span> <span class='ocrx_word' id='word_1_198' title='bbox 1611 909 1696 930; x_wconf 84' lang='lat' dir='ltr'><strong>textus</strong></span> <span class='ocrx_word' id='word_1_199' title='bbox 1715 906 1776 937; x_wconf 75' lang='lat' dir='ltr'><strong>hiat,</strong></span> <span class='ocrx_word' id='word_1_200' title='bbox 1800 906 1888 938; x_wconf 89' lang='lat' dir='ltr'><strong>spatiis</strong></span> <span class='ocrx_word' id='word_1_201' title='bbox 1907 914 1958 930; x_wconf 84' lang='lat' dir='ltr'><strong>non</strong></span> <span class='ocrx_word' id='word_1_202' title='bbox 1977 906 2085 938; x_wconf 83' lang='lat' dir='ltr'><strong>scriptis.</strong></span> 
     </span>
     <span class='ocr_line' id='line_1_19' title="bbox 435 947 2087 981; baseline 0.001 -10"><span class='ocrx_word' id='word_1_203' title='bbox 435 948 614 979; x_wconf 81' lang='lat' dir='ltr'><strong>praescribitur</strong></span> <span class='ocrx_word' id='word_1_204' title='bbox 638 948 702 972; x_wconf 87' lang='lat' dir='ltr'><strong>libro</strong></span> <span class='ocrx_word' id='word_1_205' title='bbox 728 951 810 971; x_wconf 85' lang='lat' dir='ltr'><strong>sexto:</strong></span> <span class='ocrx_word' id='word_1_206' title='bbox 840 947 926 978; x_wconf 67' lang='lat' dir='ltr'><strong>incipit</strong></span> <span class='ocrx_word' id='word_1_207' title='bbox 950 951 1033 972; x_wconf 71' lang='lat' dir='ltr'><strong>sextus</strong></span> <span class='ocrx_word' id='word_1_208' title='bbox 1057 947 1190 971; x_wconf 61' lang='lat' dir='ltr'><strong>variarum</strong></span> <span class='ocrx_word' id='word_1_209' title='bbox 1208 948 1388 980; x_wconf 72' lang='lat' dir='ltr'><strong>formularum</strong></span> <span class='ocrx_word' id='word_1_210' title='bbox 1413 952 1534 980; x_wconf 75' lang='lat' dir='ltr'><strong>sequente</strong></span> <span class='ocrx_word' id='word_1_211' title='bbox 1560 949 1696 979; x_wconf 82' lang='lat' dir='ltr'><strong>laterculo;</strong></span> <span class='ocrx_word' id='word_1_212' title='bbox 1720 949 1838 981; x_wconf 83' lang='lat' dir='ltr'><strong>septimo:</strong></span> <span class='ocrx_word' id='word_1_213' title='bbox 1870 948 1962 981; x_wconf 68' lang='lat' dir='ltr'><strong>lllaywzi</strong></span> <span class='ocrx_word' id='word_1_214' title='bbox 1985 948 2087 973; x_wconf 76' lang='lat' dir='ltr'><strong>Aurelii</strong></span> 
     </span>
     <span class='ocr_line' id='line_1_20' title="bbox 437 990 2086 1024; baseline 0.001 -9"><span class='ocrx_word' id='word_1_215' title='bbox 437 991 583 1015; x_wconf 60' lang='lat' dir='ltr'><strong>cassiodori</strong></span> <span class='ocrx_word' id='word_1_216' title='bbox 605 995 647 1015; x_wconf 66' lang='lat' dir='ltr'><strong>etc.</strong></span> <span class='ocrx_word' id='word_1_217' title='bbox 674 991 737 1015; x_wconf 67' lang='lat' dir='ltr'><strong>liber</strong></span> <span class='ocrx_word' id='word_1_218' title='bbox 763 991 881 1022; x_wconf 69' lang='lat' dir='ltr'><strong>septimus</strong></span> <span class='ocrx_word' id='word_1_219' title='bbox 907 991 994 1022; x_wconf 68' lang='lat' dir='ltr'><strong>incipit</strong></span> <span class='ocrx_word' id='word_1_220' title='bbox 1009 991 1124 1023; x_wconf 73' lang='lat' dir='ltr'><strong>feliciter</strong></span> <span class='ocrx_word' id='word_1_221' title='bbox 1149 991 1271 1016; x_wconf 83' lang='lat' dir='ltr'><strong>laterculo</strong></span> <span class='ocrx_word' id='word_1_222' title='bbox 1296 992 1356 1016; x_wconf 88' lang='lat' dir='ltr'><strong>item</strong></span> <span class='ocrx_word' id='word_1_223' title='bbox 1381 992 1479 1016; x_wconf 80' lang='lat' dir='ltr'><strong>adiecto</strong></span> <span class='ocrx_word' id='word_1_224' title='bbox 1501 992 1534 1017; x_wconf 83' lang='lat' dir='ltr'><strong>ad</strong></span> <span class='ocrx_word' id='word_1_225' title='bbox 1557 1000 1596 1024; x_wconf 89' lang='lat' dir='ltr'><strong>ep.</strong></span> <span class='ocrx_word' id='word_1_226' title='bbox 1616 990 1650 1015; x_wconf 78' lang='lat'><strong>42</strong></span> <span class='ocrx_word' id='word_1_227' title='bbox 1675 992 1758 1023; x_wconf 63' lang='lat' dir='ltr'><strong>pleno.</strong></span> <span class='ocrx_word' id='word_1_228' title='bbox 1797 992 1905 1016; x_wconf 81' lang='lat' dir='ltr'><strong>contulit</strong></span> <span class='ocrx_word' id='word_1_229' title='bbox 1927 1000 1984 1017; x_wconf 86' lang='lat' dir='ltr'><strong>mea</strong></span> <span class='ocrx_word' id='word_1_230' title='bbox 2008 1000 2086 1016; x_wconf 85' lang='lat' dir='ltr'><strong>causa</strong></span> 
     </span>
     <span class='ocr_line' id='line_1_21' title="bbox 434 1034 2085 1066; baseline 0.001 -9"><span class='ocrx_word' id='word_1_231' title='bbox 434 1034 527 1058; x_wconf 86' lang='lat' dir='ltr'><strong>librum</strong></span> <span class='ocrx_word' id='word_1_232' title='bbox 546 1034 753 1058; x_wconf 77' lang='lat' dir='ltr'><strong>bibliothecarius</strong></span> <span class='ocrx_word' id='word_1_233' title='bbox 772 1034 968 1058; x_wconf 85' lang='lat' dir='ltr'><strong>Malatestianae</strong></span> <span class='ocrx_word' id='word_1_234' title='bbox 987 1035 1017 1058; x_wconf 89' lang='lat' dir='ltr'><strong>A.</strong></span> <span class='ocrx_word' id='word_1_235' title='bbox 1031 1034 1203 1059; x_wconf 86' lang='lat' dir='ltr'><strong>Piccolomini.</strong></span> <span class='ocrx_word' id='word_1_236' title='bbox 1240 1035 1337 1059; x_wconf 84' lang='lat' dir='ltr'><strong>mendis</strong></span> <span class='ocrx_word' id='word_1_237' title='bbox 1361 1038 1440 1059; x_wconf 78' lang='lat' dir='ltr'><strong>scatet</strong></span> <span class='ocrx_word' id='word_1_238' title='bbox 1462 1035 1537 1059; x_wconf 86' lang='lat' dir='ltr'><strong>etiam</strong></span> <span class='ocrx_word' id='word_1_239' title='bbox 1561 1034 1678 1066; x_wconf 87' lang='lat' dir='ltr'><strong>pluribus</strong></span> <span class='ocrx_word' id='word_1_240' title='bbox 1702 1043 1779 1066; x_wconf 83' lang='lat' dir='ltr'><strong>quam</strong></span> <span class='ocrx_word' id='word_1_241' title='bbox 1798 1035 1980 1060; x_wconf 81' lang='lat' dir='ltr'><strong>Breslaviensis</strong></span> <span class='ocrx_word' id='word_1_242' title='bbox 2003 1042 2085 1066; x_wconf 85' lang='lat' dir='ltr'><strong>neque</strong></span> 
     </span>
     <span class='ocr_line' id='line_1_22' title="bbox 434 1077 2085 1110; baseline 0.001 -9"><span class='ocrx_word' id='word_1_243' title='bbox 434 1081 517 1101; x_wconf 75' lang='lat' dir='ltr'><strong>tamen</strong></span> <span class='ocrx_word' id='word_1_244' title='bbox 543 1086 574 1101; x_wconf 86' lang='lat' dir='ltr'><strong>ex</strong></span> <span class='ocrx_word' id='word_1_245' title='bbox 599 1085 627 1101; x_wconf 87' lang='lat' dir='ltr'><strong>eo</strong></span> <span class='ocrx_word' id='word_1_246' title='bbox 653 1077 757 1109; x_wconf 75' lang='lat' dir='ltr'><strong>pendet,</strong></span> <span class='ocrx_word' id='word_1_247' title='bbox 781 1078 915 1109; x_wconf 81' lang='lat' dir='ltr'><strong>potuitque</strong></span> <span class='ocrx_word' id='word_1_248' title='bbox 940 1078 979 1102; x_wconf 90' lang='lat' dir='ltr'><strong>his</strong></span> <span class='ocrx_word' id='word_1_249' title='bbox 1001 1077 1101 1102; x_wconf 88' lang='lat' dir='ltr'><strong>duobus</strong></span> <span class='ocrx_word' id='word_1_250' title='bbox 1123 1077 1194 1102; x_wconf 84' lang='lat' dir='ltr'><strong>libris</strong></span> <span class='ocrx_word' id='word_1_251' title='bbox 1218 1078 1284 1103; x_wconf 85' lang='lat' dir='ltr'><strong>inter</strong></span> <span class='ocrx_word' id='word_1_252' title='bbox 1305 1086 1332 1102; x_wconf 82' lang='lat' dir='ltr'><strong>sc</strong></span> <span class='ocrx_word' id='word_1_253' title='bbox 1356 1078 1500 1110; x_wconf 84' lang='lat' dir='ltr'><strong>compositis</strong></span> <span class='ocrx_word' id='word_1_254' title='bbox 1524 1078 1599 1103; x_wconf 82' lang='lat' dir='ltr'><strong>lectio</strong></span> <span class='ocrx_word' id='word_1_255' title='bbox 1622 1078 1753 1110; x_wconf 84' lang='lat' dir='ltr'><strong>archetypi</strong></span> <span class='ocrx_word' id='word_1_256' title='bbox 1778 1078 1900 1110; x_wconf 81' lang='lat' dir='ltr'><strong>deperditi</strong></span> <span class='ocrx_word' id='word_1_257' title='bbox 1924 1078 2085 1110; x_wconf 81' lang='lat' dir='ltr'><strong>aliquatenus</strong></span> 
     </span>
     <span class='ocr_line' id='line_1_23' title="bbox 435 1120 1120 1152; baseline 0 -8"><span class='ocrx_word' id='word_1_258' title='bbox 435 1121 588 1152; x_wconf 79' lang='lat' dir='ltr'><strong>recuperari.</strong></span> <span class='ocrx_word' id='word_1_259' title='bbox 607 1135 640 1138; x_wconf 97' lang='lat'><strong>—</strong></span> <span class='ocrx_word' id='word_1_260' title='bbox 659 1121 819 1146; x_wconf 81' lang='lat' dir='ltr'><strong>Conferenda</strong></span> <span class='ocrx_word' id='word_1_261' title='bbox 837 1124 897 1145; x_wconf 88' lang='lat' dir='ltr'><strong>sunt</strong></span> <span class='ocrx_word' id='word_1_262' title='bbox 916 1121 1048 1145; x_wconf 74' lang='lat' dir='ltr'><strong>diam-inea</strong></span> <span class='ocrx_word' id='word_1_263' title='bbox 1067 1120 1083 1145; x_wconf 93' lang='lat' dir='ltr'><strong>l.</strong></span> <span class='ocrx_word' id='word_1_264' title='bbox 1097 1129 1120 1145; x_wconf 78' lang='lat' dir='ltr'><strong>o.</strong></span> 
     </span>
    </p>
   </div>
   <div class='ocr_carea' id='block_1_7' title="bbox 958 1228 1568 1340">
    <p class='ocr_par' dir='ltr' id='par_1_8' title="bbox 958 1228 1568 1340">
     <span class='ocr_line' id='line_1_24' title="bbox 995 1228 1528 1284; baseline 0.002 -9"><span class='ocrx_word' id='word_1_265' title='bbox 995 1228 1178 1275; x_wconf 85' lang='lat' dir='ltr'>ORDO</span> <span class='ocrx_word' id='word_1_266' title='bbox 1211 1229 1528 1284; x_wconf 84' lang='lat' dir='ltr'><strong>QUARTUS</strong></span> 
     </span>
     <span class='ocr_line' id='line_1_25' title="bbox 958 1300 1568 1340; baseline 0.002 -9"><span class='ocrx_word' id='word_1_267' title='bbox 958 1300 1213 1332; x_wconf 81' lang='lat' dir='ltr'>CONTINENS</span> <span class='ocrx_word' id='word_1_268' title='bbox 1243 1300 1281 1332; x_wconf 86' lang='lat' dir='ltr'><strong>L.</strong></span> <span class='ocrx_word' id='word_1_269' title='bbox 1299 1301 1376 1340; x_wconf 82' lang='lat' dir='ltr'><strong>vn,</strong></span> <span class='ocrx_word' id='word_1_270' title='bbox 1394 1301 1568 1332; x_wconf 80' lang='lat' dir='ltr'><strong>41—XII.</strong></span> 
     </span>
    </p>
   </div>
   <div class='ocr_carea' id='block_1_8' title="bbox 435 1370 2085 1490">
    <p class='ocr_par' dir='ltr' id='par_1_9' title="bbox 435 1370 2085 1490">
     <span class='ocr_line' id='line_1_26' title="bbox 536 1370 2084 1403; baseline -0.001 -8"><span class='ocrx_word' id='word_1_271' title='bbox 536 1370 576 1395; x_wconf 68' lang='grc'><strong>84.</strong></span> <span class='ocrx_word' id='word_1_272' title='bbox 597 1371 762 1395; x_wconf 72' lang='lat' dir='ltr'>HALENSIS</span> <span class='ocrx_word' id='word_1_273' title='bbox 782 1371 1011 1395; x_wconf 63' lang='lat' dir='ltr'>BIBLICVFIIECA</span> <span class='ocrx_word' id='word_1_274' title='bbox 1034 1372 1122 1395; x_wconf 81' lang='lat' dir='ltr'><strong>folium</strong></span> <span class='ocrx_word' id='word_1_275' title='bbox 1147 1380 1227 1396; x_wconf 83' lang='lat' dir='ltr'><strong>unum</strong></span> <span class='ocrx_word' id='word_1_276' title='bbox 1251 1375 1337 1396; x_wconf 80' lang='lat' dir='ltr'><strong>servat</strong></span> <span class='ocrx_word' id='word_1_277' title='bbox 1359 1372 1418 1396; x_wconf 86' lang='lat' dir='ltr'><strong>olim</strong></span> <span class='ocrx_word' id='word_1_278' title='bbox 1443 1380 1487 1403; x_wconf 88' lang='lat' dir='ltr'><strong>pro</strong></span> <span class='ocrx_word' id='word_1_279' title='bbox 1511 1372 1686 1403; x_wconf 84' lang='lat' dir='ltr'><strong>integumento</strong></span> <span class='ocrx_word' id='word_1_280' title='bbox 1710 1375 1827 1395; x_wconf 83' lang='lat' dir='ltr'><strong>notarum</strong></span> <span class='ocrx_word' id='word_1_281' title='bbox 1845 1370 1930 1394; x_wconf 85' lang='lat' dir='ltr'><strong>Fulvii</strong></span> <span class='ocrx_word' id='word_1_282' title='bbox 1950 1370 2034 1394; x_wconf 87' lang='lat' dir='ltr'><strong>Ursini</strong></span> <span class='ocrx_word' id='word_1_283' title='bbox 2058 1370 2084 1394; x_wconf 85' lang='lat' dir='ltr'><strong>in</strong></span> 
     </span>
     <span class='ocr_line' id='line_1_27' title="bbox 435 1413 2085 1447; baseline -0.001 -9"><span class='ocrx_word' id='word_1_284' title='bbox 435 1414 580 1439; x_wconf 73' lang='lat' dir='ltr'><strong>Ciceronem</strong></span> <span class='ocrx_word' id='word_1_285' title='bbox 599 1423 613 1439; x_wconf 80' lang='lat' dir='ltr'><strong>a</strong></span> <span class='ocrx_word' id='word_1_286' title='bbox 631 1414 776 1446; x_wconf 75' lang='lat' dir='ltr'><strong>bibliopega</strong></span> <span class='ocrx_word' id='word_1_287' title='bbox 795 1418 945 1446; x_wconf 86' lang='lat' dir='ltr'><strong>usurpatum</strong></span> <span class='ocrx_word' id='word_1_288' title='bbox 964 1419 989 1439; x_wconf 88' lang='lat' dir='ltr'><strong>et</strong></span> <span class='ocrx_word' id='word_1_289' title='bbox 1007 1423 1038 1439; x_wconf 85' lang='lat' dir='ltr'><strong>ex</strong></span> <span class='ocrx_word' id='word_1_290' title='bbox 1057 1415 1132 1439; x_wconf 77' lang='lat' dir='ltr'><strong>Italia</strong></span> <span class='ocrx_word' id='word_1_291' title='bbox 1150 1415 1253 1439; x_wconf 85' lang='lat' dir='ltr'><strong>omnino</strong></span> <span class='ocrx_word' id='word_1_292' title='bbox 1272 1415 1407 1439; x_wconf 86' lang='lat' dir='ltr'><strong>oriundum</strong></span> <span class='ocrx_word' id='word_1_293' title='bbox 1425 1419 1554 1447; x_wconf 75' lang='lat' dir='ltr'><strong>superstes</strong></span> <span class='ocrx_word' id='word_1_294' title='bbox 1576 1423 1608 1439; x_wconf 77' lang='lat' dir='ltr'><strong>ex</strong></span> <span class='ocrx_word' id='word_1_295' title='bbox 1630 1414 1716 1438; x_wconf 83' lang='lat' dir='ltr'><strong>codiee</strong></span> <span class='ocrx_word' id='word_1_296' title='bbox 1739 1415 1834 1438; x_wconf 80' lang='lat' dir='ltr'><strong>formae</strong></span> <span class='ocrx_word' id='word_1_297' title='bbox 1857 1414 1984 1438; x_wconf 84' lang='lat' dir='ltr'><strong>maximae</strong></span> <span class='ocrx_word' id='word_1_298' title='bbox 2007 1413 2085 1437; x_wconf 83' lang='lat' dir='ltr'><strong>huius</strong></span> 
     </span>
     <span class='ocr_line' id='line_1_28' title="bbox 435 1458 1691 1490; baseline 0.001 -10"><span class='ocrx_word' id='word_1_299' title='bbox 435 1458 513 1489; x_wconf 83' lang='lat' dir='ltr'><strong>partis</strong></span> <span class='ocrx_word' id='word_1_300' title='bbox 532 1458 661 1482; x_wconf 84' lang='lat' dir='ltr'><strong>variarum</strong></span> <span class='ocrx_word' id='word_1_301' title='bbox 681 1459 785 1482; x_wconf 64' lang='lat' dir='ltr'><strong>rin-tasse</strong></span> <span class='ocrx_word' id='word_1_302' title='bbox 804 1458 941 1490; x_wconf 84' lang='lat' dir='ltr'><strong>archetypo</strong></span> <span class='ocrx_word' id='word_1_303' title='bbox 962 1458 1030 1488; x_wconf 80' lang='lat' dir='ltr'><strong>(vide</strong></span> <span class='ocrx_word' id='word_1_304' title='bbox 1049 1466 1127 1490; x_wconf 86' lang='lat' dir='ltr'><strong>supra</strong></span> <span class='ocrx_word' id='word_1_305' title='bbox 1146 1466 1169 1490; x_wconf 88' lang='lat' dir='ltr'><strong>p.</strong></span> <span class='ocrx_word' id='word_1_306' title='bbox 1183 1459 1239 1489; x_wconf 84' lang='lat' dir='ltr'><strong>Lx)</strong></span> <span class='ocrx_word' id='word_1_307' title='bbox 1259 1459 1351 1490; x_wconf 86' lang='lat' dir='ltr'><strong>scripto</strong></span> <span class='ocrx_word' id='word_1_308' title='bbox 1371 1466 1436 1483; x_wconf 86' lang='lat' dir='ltr'><strong>saec.</strong></span> <span class='ocrx_word' id='word_1_309' title='bbox 1451 1459 1487 1482; x_wconf 83' lang='lat' dir='ltr'><strong>XI</strong></span> <span class='ocrx_word' id='word_1_310' title='bbox 1506 1458 1624 1490; x_wconf 85' lang='lat' dir='ltr'><strong>bipertito</strong></span> <span class='ocrx_word' id='word_1_311' title='bbox 1643 1458 1691 1481; x_wconf 80' lang='lat' dir='ltr'><strong>sic:</strong></span> 
     </span>
    </p>
   </div>
   <div class='ocr_carea' id='block_1_9' title="bbox 977 1508 1491 1809">
    <p class='ocr_par' dir='ltr' id='par_1_10' title="bbox 977 1508 1491 1809">
     <span class='ocr_line' id='line_1_29' title="bbox 1176 1508 1342 1540; baseline -0.006 0"><span class='ocrx_word' id='word_1_312' title='bbox 1176 1508 1245 1540; x_wconf 81' lang='lat' dir='ltr'><strong>Fol.</strong></span> <span class='ocrx_word' id='word_1_313' title='bbox 1270 1511 1342 1540; x_wconf 74' lang='lat' dir='ltr'><strong>rect.</strong></span> 
     </span>
     <span class='ocr_line' id='line_1_30' title="bbox 1214 1561 1312 1586; baseline 0.01 -1"><span class='ocrx_word' id='word_1_314' title='bbox 1214 1561 1267 1586; x_wconf 77' lang='lat' dir='ltr'><strong>Col.</strong></span> <span class='ocrx_word' id='word_1_315' title='bbox 1289 1563 1312 1586; x_wconf 75' lang='grc'><strong>2.</strong></span> 
     </span>
     <span class='ocr_line' id='line_1_31' title="bbox 980 1604 1491 1629; baseline 0 0"><span class='ocrx_word' id='word_1_316' title='bbox 980 1605 1020 1629; x_wconf 90' lang='lat' dir='ltr'><strong>ius</strong></span> <span class='ocrx_word' id='word_1_317' title='bbox 1039 1604 1182 1629; x_wconf 81' lang='lat' dir='ltr'><strong>humanum</strong></span> <span class='ocrx_word' id='word_1_318' title='bbox 1200 1605 1254 1629; x_wconf 89' lang='lat' dir='ltr'><strong>sibe</strong></span> <span class='ocrx_word' id='word_1_319' title='bbox 1272 1605 1408 1629; x_wconf 81' lang='lat' dir='ltr'><strong>aestimant</strong></span> <span class='ocrx_word' id='word_1_320' title='bbox 1428 1605 1491 1629; x_wconf 82' lang='lat' dir='ltr'><strong>sera—</strong></span> 
     </span>
     <span class='ocr_line' id='line_1_32' title="bbox 980 1648 1444 1680; baseline 0 -8"><span class='ocrx_word' id='word_1_321' title='bbox 980 1648 1037 1672; x_wconf 87' lang='lat' dir='ltr'><strong>liter</strong></span> <span class='ocrx_word' id='word_1_322' title='bbox 1056 1648 1180 1672; x_wconf 81' lang='lat' dir='ltr'><strong>odiosum.</strong></span> <span class='ocrx_word' id='word_1_323' title='bbox 1216 1656 1280 1679; x_wconf 88' lang='lat' dir='ltr'><strong>quos</strong></span> <span class='ocrx_word' id='word_1_324' title='bbox 1299 1656 1368 1672; x_wconf 88' lang='lat' dir='ltr'><strong>nunc</strong></span> <span class='ocrx_word' id='word_1_325' title='bbox 1386 1652 1444 1680; x_wconf 79' lang='lat' dir='ltr'><strong>apte</strong></span> 
     </span>
     <span class='ocr_line' id='line_1_33' title="bbox 980 1691 1384 1723; baseline 0 -8"><span class='ocrx_word' id='word_1_326' title='bbox 980 1692 1153 1715; x_wconf 81' lang='lat' dir='ltr'><strong>iudicauimus</strong></span> <span class='ocrx_word' id='word_1_327' title='bbox 1171 1691 1384 1723; x_wconf 71' lang='lat' dir='ltr'><strong>comprimendos.</strong></span> 
     </span>
     <span class='ocr_line' id='line_1_34' title="bbox 979 1734 1470 1766; baseline -0.004 -7"><span class='ocrx_word' id='word_1_328' title='bbox 979 1738 1008 1759; x_wconf 88' lang='lat' dir='ltr'><strong>ut</strong></span> <span class='ocrx_word' id='word_1_329' title='bbox 1026 1743 1055 1758; x_wconf 89' lang='lat' dir='ltr'><strong>eo</strong></span> <span class='ocrx_word' id='word_1_330' title='bbox 1073 1738 1185 1766; x_wconf 86' lang='lat' dir='ltr'><strong>tempore</strong></span> <span class='ocrx_word' id='word_1_331' title='bbox 1204 1734 1307 1758; x_wconf 83' lang='lat' dir='ltr'><strong>inimica</strong></span> <span class='ocrx_word' id='word_1_332' title='bbox 1326 1734 1400 1758; x_wconf 86' lang='lat' dir='ltr'><strong>bonis</strong></span> <span class='ocrx_word' id='word_1_333' title='bbox 1419 1742 1470 1758; x_wconf 89' lang='lat' dir='ltr'><strong>mo-</strong></span> 
     </span>
     <span class='ocr_line' id='line_1_35' title="bbox 977 1778 1385 1809; baseline -0.002 -8"><span class='ocrx_word' id='word_1_334' title='bbox 977 1778 1048 1802; x_wconf 90' lang='lat' dir='ltr'><strong>ribus</strong></span> <span class='ocrx_word' id='word_1_335' title='bbox 1067 1778 1174 1801; x_wconf 82' lang='lat' dir='ltr'><strong>crimina</strong></span> <span class='ocrx_word' id='word_1_336' title='bbox 1193 1785 1385 1809; x_wconf 83' lang='lat' dir='ltr'><strong>persequamur.</strong></span> 
     </span>
    </p>
   </div>
   <div class='ocr_carea' id='block_1_10' title="bbox 562 1562 1713 1766">
    <p class='ocr_par' dir='ltr' id='par_1_11' title="bbox 562 1562 1713 1766">
     <span class='ocr_line' id='line_1_36' title="bbox 656 1562 748 1586; baseline 0 0"><span class='ocrx_word' id='word_1_337' title='bbox 656 1562 708 1586; x_wconf 73' lang='lat' dir='ltr'><strong>Col.</strong></span> <span class='ocrx_word' id='word_1_338' title='bbox 728 1565 748 1586; x_wconf 89' lang='lat'><strong>1.</strong></span> 
     </span>
     <span class='ocr_line' id='line_1_37' title="bbox 567 1602 1713 1637; baseline -0.001 -9"><span class='ocrx_word' id='word_1_339' title='bbox 567 1614 581 1629; x_wconf 87' lang='lat' dir='ltr'><strong>o</strong></span> <span class='ocrx_word' id='word_1_340' title='bbox 600 1605 714 1629; x_wconf 86' lang='lat' dir='ltr'><strong>sentiunt</strong></span> <span class='ocrx_word' id='word_1_341' title='bbox 732 1605 794 1637; x_wconf 81' lang='lat' dir='ltr'><strong>quia</strong></span> <span class='ocrx_word' id='word_1_342' title='bbox 1601 1604 1650 1628; x_wconf 84' lang='lat' dir='ltr'><strong>sibi</strong></span> <span class='ocrx_word' id='word_1_343' title='bbox 1669 1602 1713 1627; x_wconf 80' lang='lat' dir='ltr'><strong>Db</strong></span> 
     </span>
     <span class='ocr_line' id='line_1_38' title="bbox 570 1656 796 1680; baseline 0.004 -9"><span class='ocrx_word' id='word_1_344' title='bbox 570 1656 702 1672; x_wconf 79' lang='lat' dir='ltr'><strong>›ossuunls.</strong></span> <span class='ocrx_word' id='word_1_345' title='bbox 733 1656 796 1680; x_wconf 84' lang='lat' dir='ltr'><strong>quos</strong></span> 
     </span>
     <span class='ocr_line' id='line_1_39' title="bbox 569 1692 777 1715; baseline 0 0"><span class='ocrx_word' id='word_1_346' title='bbox 569 1700 597 1715; x_wconf 88' lang='lat' dir='ltr'><strong>us</strong></span> <span class='ocrx_word' id='word_1_347' title='bbox 617 1692 777 1715; x_wconf 85' lang='lat' dir='ltr'><strong>horruerunt.</strong></span> 
     </span>
     <span class='ocr_line' id='line_1_40' title="bbox 562 1722 792 1766; baseline 0 -9"><span class='ocrx_word' id='word_1_348' title='bbox 562 1722 575 1757; x_wconf 33' lang='grc' dir='ltr'><strong>γι</strong></span> <span class='ocrx_word' id='word_1_349' title='bbox 594 1734 728 1766; x_wconf 80' lang='lat' dir='ltr'><strong>impetrare</strong></span> <span class='ocrx_word' id='word_1_350' title='bbox 747 1742 792 1765; x_wconf 82' lang='lat' dir='ltr'><strong>pos</strong></span> 
     </span>
    </p>
   </div>
   <div class='ocr_carea' id='block_1_11' title="bbox 562 1774 776 1809">
    <p class='ocr_par' dir='ltr' id='par_1_12' title="bbox 562 1774 776 1809">
     <span class='ocr_line' id='line_1_41' title="bbox 562 1774 776 1809; baseline 0.005 -9"><span class='ocrx_word' id='word_1_351' title='bbox 562 1774 624 1800; x_wconf 55' lang='lat' dir='ltr'><strong>1ibus</strong></span> <span class='ocrx_word' id='word_1_352' title='bbox 643 1777 776 1809; x_wconf 79' lang='lat' dir='ltr'><strong>displicere</strong></span> 
     </span>
    </p>
   </div>
   <div class='ocr_carea' id='block_1_12' title="bbox 561 1820 848 2147">
    <p class='ocr_par' dir='ltr' id='par_1_13' title="bbox 561 1820 848 2024">
     <span class='ocr_line' id='line_1_42' title="bbox 567 1820 848 1852; baseline 0 -9"><span class='ocrx_word' id='word_1_353' title='bbox 567 1821 618 1844; x_wconf 89' lang='lat' dir='ltr'><strong>lum</strong></span> <span class='ocrx_word' id='word_1_354' title='bbox 638 1824 737 1852; x_wconf 82' lang='lat' dir='ltr'><strong>tempus</strong></span> <span class='ocrx_word' id='word_1_355' title='bbox 757 1820 848 1844; x_wconf 79' lang='lat' dir='ltr'><strong>balmis</strong></span> 
     </span>
     <span class='ocr_line' id='line_1_43' title="bbox 561 1864 798 1895; baseline 0 -8"><span class='ocrx_word' id='word_1_356' title='bbox 561 1864 606 1895; x_wconf 53' lang='lat' dir='ltr'><strong>lici.</strong></span> <span class='ocrx_word' id='word_1_357' title='bbox 637 1867 743 1895; x_wconf 75' lang='lat' dir='ltr'><strong>egerunt</strong></span> <span class='ocrx_word' id='word_1_358' title='bbox 763 1872 798 1887; x_wconf 86' lang='lat' dir='ltr'><strong>un</strong></span> 
     </span>
     <span class='ocr_line' id='line_1_44' title="bbox 561 1904 792 1947; baseline 0 -17"><span class='ocrx_word' id='word_1_359' title='bbox 561 1904 679 1947; x_wconf 33' lang='lat' dir='ltr'><strong>&amp;xsecari</strong></span> <span class='ocrx_word' id='word_1_360' title='bbox 698 1907 792 1930; x_wconf 75' lang='lat' dir='ltr'><strong>XVIII.</strong></span> 
     </span>
     <span class='ocr_line' id='line_1_45' title="bbox 567 1950 792 1974; baseline -0.004 0"><span class='ocrx_word' id='word_1_361' title='bbox 567 1950 700 1974; x_wconf 82' lang='lat' dir='ltr'><strong>halaricuS.</strong></span> <span class='ocrx_word' id='word_1_362' title='bbox 731 1951 792 1974; x_wconf 84' lang='lat' dir='ltr'><strong>Rex.</strong></span> 
     </span>
     <span class='ocr_line' id='line_1_46' title="bbox 567 1994 763 2024; baseline 0 -7"><span class='ocrx_word' id='word_1_363' title='bbox 567 1994 602 2017; x_wconf 61' lang='lat' dir='ltr'><strong>ait</strong></span> <span class='ocrx_word' id='word_1_364' title='bbox 621 1994 763 2024; x_wconf 74' lang='lat' dir='ltr'><strong>antiquitas</strong></span> 
     </span>
    </p>

    <p class='ocr_par' dir='ltr' id='par_1_14' title="bbox 566 2037 812 2110">
     <span class='ocr_line' id='line_1_47' title="bbox 567 2037 804 2068; baseline 0 -8"><span class='ocrx_word' id='word_1_365' title='bbox 567 2037 621 2060; x_wconf 82' lang='lat' dir='ltr'><strong>ictis</strong></span> <span class='ocrx_word' id='word_1_366' title='bbox 638 2037 804 2068; x_wconf 76' lang='lat' dir='ltr'><strong>generalibus</strong></span> 
     </span>
     <span class='ocr_line' id='line_1_48' title="bbox 566 2080 812 2110; baseline -0.004 -7"><span class='ocrx_word' id='word_1_367' title='bbox 566 2087 629 2110; x_wconf 78' lang='lat' dir='ltr'><strong>quae</strong></span> <span class='ocrx_word' id='word_1_368' title='bbox 649 2083 673 2103; x_wconf 81' lang='lat' dir='ltr'><strong>ot</strong></span> <span class='ocrx_word' id='word_1_369' title='bbox 692 2080 812 2103; x_wconf 75' lang='lat' dir='ltr'><strong>delictum</strong></span> 
     </span>
    </p>

    <p class='ocr_par' dir='ltr' id='par_1_15' title="bbox 566 2123 773 2147">
     <span class='ocr_line' id='line_1_49' title="bbox 566 2123 773 2147; baseline 0 -1"><span class='ocrx_word' id='word_1_370' title='bbox 566 2142 571 2147; x_wconf 88' lang='lat'><strong>.</strong></span> <span class='ocrx_word' id='word_1_371' title='bbox 586 2127 610 2146; x_wconf 80' lang='lat' dir='ltr'><strong>et</strong></span> <span class='ocrx_word' id='word_1_372' title='bbox 628 2123 773 2146; x_wconf 79' lang='lat' dir='ltr'><strong>excedentis</strong></span> 
     </span>
    </p>
   </div>
   <div class='ocr_carea' id='block_1_13' title="bbox 560 1565 565 2215">
    <p class='ocr_par' dir='ltr' id='par_1_16' title="bbox 560 1565 565 2215">
     <span class='ocr_line' id='line_1_50' title="bbox 560 1565 565 2215; baseline 0 0"><span class='ocrx_word' id='word_1_373' title='bbox 560 1565 565 2215; x_wconf 95' lang='lat' dir='ltr'><strong> </strong></span> 
     </span>
    </p>
   </div>
   <div class='ocr_carea' id='block_1_14' title="bbox 560 2170 823 2491">
    <p class='ocr_par' dir='ltr' id='par_1_17' title="bbox 560 2170 749 2243">
     <span class='ocr_line' id='line_1_51' title="bbox 560 2170 697 2197; baseline 0 -8"><span class='ocrx_word' id='word_1_374' title='bbox 560 2170 697 2197; x_wconf 58' lang='lat' dir='ltr'><strong>gratiatur.</strong></span> 
     </span>
     <span class='ocr_line' id='line_1_52' title="bbox 560 2209 749 2243; baseline 0 -11"><span class='ocrx_word' id='word_1_375' title='bbox 560 2209 682 2243; x_wconf 37' lang='lat' dir='ltr'><strong>aestimant</strong></span> <span class='ocrx_word' id='word_1_376' title='bbox 701 2209 749 2232; x_wconf 73' lang='lat' dir='ltr'><strong>dici</strong></span> 
     </span>
    </p>

    <p class='ocr_par' dir='ltr' id='par_1_18' title="bbox 560 2252 794 2374">
     <span class='ocr_line' id='line_1_53' title="bbox 560 2252 770 2291; baseline 0.005 -17"><span class='ocrx_word' id='word_1_377' title='bbox 560 2256 573 2291; x_wconf 43' lang='lat' dir='ltr'><strong>{t</strong></span> <span class='ocrx_word' id='word_1_378' title='bbox 592 2252 692 2283; x_wconf 82' lang='lat' dir='ltr'><strong>exponi.</strong></span> <span class='ocrx_word' id='word_1_379' title='bbox 724 2252 770 2275; x_wconf 84' lang='lat' dir='ltr'><strong>etsi</strong></span> 
     </span>
     <span class='ocr_line' id='line_1_54' title="bbox 560 2295 794 2329; baseline 0 -11"><span class='ocrx_word' id='word_1_380' title='bbox 560 2295 614 2329; x_wconf 44' lang='lat' dir='ltr'><strong>¹ntis</strong></span> <span class='ocrx_word' id='word_1_381' title='bbox 626 2303 707 2326; x_wconf 64' lang='lat' dir='ltr'><strong>quem</strong></span> <span class='ocrx_word' id='word_1_382' title='bbox 727 2295 794 2318; x_wconf 88' lang='lat' dir='ltr'><strong>conti</strong></span> 
     </span>
     <span class='ocr_line' id='line_1_55' title="bbox 560 2338 743 2374; baseline 0.005 -13"><span class='ocrx_word' id='word_1_383' title='bbox 560 2338 676 2374; x_wconf 49' lang='lat' dir='ltr'><strong>quinione</strong></span> <span class='ocrx_word' id='word_1_384' title='bbox 696 2347 743 2370; x_wconf 87' lang='lat' dir='ltr'><strong>pur</strong></span> 
     </span>
    </p>

    <p class='ocr_par' dir='ltr' id='par_1_19' title="bbox 560 2381 755 2413">
     <span class='ocr_line' id='line_1_56' title="bbox 560 2381 755 2413; baseline 0.005 -9"><span class='ocrx_word' id='word_1_385' title='bbox 560 2385 579 2404; x_wconf 60' lang='grc' dir='ltr'><strong>ἰι</strong></span> <span class='ocrx_word' id='word_1_386' title='bbox 597 2389 656 2404; x_wconf 76' lang='lat' dir='ltr'><strong>nere</strong></span> <span class='ocrx_word' id='word_1_387' title='bbox 676 2381 755 2413; x_wconf 84' lang='lat' dir='ltr'><strong>pietas</strong></span> 
     </span>
    </p>

    <p class='ocr_par' dir='ltr' id='par_1_20' title="bbox 560 2417 823 2491">
     <span class='ocr_line' id='line_1_57' title="bbox 560 2417 823 2455; baseline 0 -8"><span class='ocrx_word' id='word_1_388' title='bbox 560 2417 589 2447; x_wconf 56' lang='lat' dir='ltr'><strong>{w</strong></span> <span class='ocrx_word' id='word_1_389' title='bbox 607 2424 691 2455; x_wconf 70' lang='lat' dir='ltr'><strong>gladio</strong></span> <span class='ocrx_word' id='word_1_390' title='bbox 711 2425 823 2448; x_wconf 76' lang='lat' dir='ltr'><strong>nascitur</strong></span> 
     </span>
     <span class='ocr_line' id='line_1_58' title="bbox 560 2455 764 2491; baseline 0.005 -1"><span class='ocrx_word' id='word_1_391' title='bbox 560 2455 583 2491; x_wconf 50' lang='lat' dir='ltr'><strong>iit</strong></span> <span class='ocrx_word' id='word_1_392' title='bbox 602 2467 656 2491; x_wconf 82' lang='lat' dir='ltr'><strong>sine</strong></span> <span class='ocrx_word' id='word_1_393' title='bbox 675 2475 764 2491; x_wconf 79' lang='lat' dir='ltr'><strong>eruore</strong></span> 
     </span>
    </p>
   </div>
   <div class='ocr_carea' id='block_1_15' title="bbox 560 2510 829 2542">
    <p class='ocr_par' dir='ltr' id='par_1_21' title="bbox 560 2510 829 2542">
     <span class='ocr_line' id='line_1_59' title="bbox 560 2510 829 2542; baseline 0.004 -9"><span class='ocrx_word' id='word_1_394' title='bbox 560 2518 654 2538; x_wconf 53' lang='lat' dir='ltr'><strong>„lemur</strong></span> <span class='ocrx_word' id='word_1_395' title='bbox 673 2511 738 2534; x_wconf 88' lang='lat' dir='ltr'><strong>enim</strong></span> <span class='ocrx_word' id='word_1_396' title='bbox 758 2510 829 2542; x_wconf 78' lang='lat' dir='ltr'><strong>placa</strong></span> 
     </span>
    </p>
   </div>
   <div class='ocr_carea' id='block_1_16' title="bbox 559 2539 561 2566">
    <p class='ocr_par' dir='ltr' id='par_1_22' title="bbox 559 2539 561 2566">
     <span class='ocr_line' id='line_1_60' title="bbox 559 2539 561 2566; baseline 0 0"><span class='ocrx_word' id='word_1_397' title='bbox 559 2539 561 2566; x_wconf 67' lang='lat' dir='ltr'><strong>l</strong></span> 
     </span>
    </p>
   </div>
   <div class='ocr_carea' id='block_1_17' title="bbox 559 2594 822 2621">
    <p class='ocr_par' dir='ltr' id='par_1_23' title="bbox 559 2594 822 2621">
     <span class='ocr_line' id='line_1_61' title="bbox 559 2594 822 2621; baseline 0.008 -3"><span class='ocrx_word' id='word_1_398' title='bbox 559 2594 594 2621; x_wconf 58' lang='lat' dir='ltr'><strong>{do</strong></span> <span class='ocrx_word' id='word_1_399' title='bbox 614 2596 676 2619; x_wconf 83' lang='lat' dir='ltr'><strong>uitia</strong></span> <span class='ocrx_word' id='word_1_400' title='bbox 695 2596 747 2620; x_wconf 65' lang='lat' dir='ltr'><strong>sula</strong></span> <span class='ocrx_word' id='word_1_401' title='bbox 766 2597 822 2620; x_wconf 81' lang='lat' dir='ltr'><strong>dam</strong></span> 
     </span>
    </p>
   </div>
   <div class='ocr_carea' id='block_1_18' title="bbox 564 2553 820 2577">
    <p class='ocr_par' dir='ltr' id='par_1_24' title="bbox 564 2553 820 2577">
     <span class='ocr_line' id='line_1_62' title="bbox 564 2553 820 2577; baseline 0.008 -2"><span class='ocrx_word' id='word_1_402' title='bbox 564 2553 608 2576; x_wconf 75' lang='lat' dir='ltr'><strong>osi.</strong></span> <span class='ocrx_word' id='word_1_403' title='bbox 641 2557 665 2577; x_wconf 84' lang='lat' dir='ltr'><strong>et</strong></span> <span class='ocrx_word' id='word_1_404' title='bbox 683 2553 820 2577; x_wconf 82' lang='lat' dir='ltr'><strong>elementer</strong></span> 
     </span>
    </p>
   </div>
   <div class='ocr_carea' id='block_1_19' title="bbox 558 2631 835 2887">
    <p class='ocr_par' dir='ltr' id='par_1_25' title="bbox 558 2631 835 2801">
     <span class='ocr_line' id='line_1_63' title="bbox 559 2631 835 2669; baseline 0.004 -7"><span class='ocrx_word' id='word_1_405' title='bbox 559 2631 572 2667; x_wconf 48' lang='lat' dir='ltr'><strong>lt</strong></span> <span class='ocrx_word' id='word_1_406' title='bbox 591 2639 658 2669; x_wconf 81' lang='lat' dir='ltr'><strong>quod</strong></span> <span class='ocrx_word' id='word_1_407' title='bbox 677 2639 835 2663; x_wconf 80' lang='lat' dir='ltr'><strong>diuersorum</strong></span> 
     </span>
     <span class='ocr_line' id='line_1_64' title="bbox 558 2675 747 2710; baseline 0 -5"><span class='ocrx_word' id='word_1_408' title='bbox 558 2675 633 2710; x_wconf 55' lang='lat' dir='ltr'><strong>{ribus</strong></span> <span class='ocrx_word' id='word_1_409' title='bbox 653 2682 747 2706; x_wconf 80' lang='lat' dir='ltr'><strong>crebris</strong></span> 
     </span>
     <span class='ocr_line' id='line_1_65' title="bbox 564 2725 720 2749; baseline 0.006 -1"><span class='ocrx_word' id='word_1_410' title='bbox 564 2725 720 2749; x_wconf 81' lang='lat' dir='ltr'><strong>insonarunt.</strong></span> 
     </span>
     <span class='ocr_line' id='line_1_66' title="bbox 563 2768 762 2801; baseline 0.005 -9"><span class='ocrx_word' id='word_1_411' title='bbox 563 2768 679 2801; x_wconf 77' lang='lat' dir='ltr'><strong>despecta</strong></span> <span class='ocrx_word' id='word_1_412' title='bbox 698 2769 762 2793; x_wconf 74' lang='lat' dir='ltr'><strong>affec</strong></span> 
     </span>
    </p>

    <p class='ocr_par' dir='ltr' id='par_1_26' title="bbox 559 2812 821 2887">
     <span class='ocr_line' id='line_1_67' title="bbox 564 2812 821 2836; baseline 0.004 -1"><span class='ocrx_word' id='word_1_413' title='bbox 564 2819 596 2836; x_wconf 82' lang='lat' dir='ltr'><strong>na</strong></span> <span class='ocrx_word' id='word_1_414' title='bbox 615 2812 730 2836; x_wconf 80' lang='lat' dir='ltr'><strong>saeuitia.</strong></span> <span class='ocrx_word' id='word_1_415' title='bbox 761 2812 821 2836; x_wconf 89' lang='lat' dir='ltr'><strong>dnm</strong></span> 
     </span>
     <span class='ocr_line' id='line_1_68' title="bbox 559 2854 771 2887; baseline 0 -8"><span class='ocrx_word' id='word_1_416' title='bbox 559 2854 600 2879; x_wconf 65' lang='lat' dir='ltr'><strong>&#39;ste</strong></span> <span class='ocrx_word' id='word_1_417' title='bbox 619 2856 771 2887; x_wconf 84' lang='lat' dir='ltr'><strong>principium</strong></span> 
     </span>
    </p>
   </div>
   <div class='ocr_carea' id='block_1_20' title="bbox 977 1820 1515 2111">
    <p class='ocr_par' dir='ltr' id='par_1_27' title="bbox 977 1820 1515 2111">
     <span class='ocr_line' id='line_1_69' title="bbox 977 1820 1469 1852; baseline -0.004 -7"><span class='ocrx_word' id='word_1_418' title='bbox 977 1821 1033 1850; x_wconf 86' lang='lat' dir='ltr'><strong>Quo</strong></span> <span class='ocrx_word' id='word_1_419' title='bbox 1053 1821 1168 1845; x_wconf 82' lang='lat' dir='ltr'><strong>hostibus</strong></span> <span class='ocrx_word' id='word_1_420' title='bbox 1188 1820 1224 1844; x_wconf 88' lang='lat' dir='ltr'><strong>rei</strong></span> <span class='ocrx_word' id='word_1_421' title='bbox 1242 1820 1361 1852; x_wconf 83' lang='lat' dir='ltr'><strong>publicae</strong></span> <span class='ocrx_word' id='word_1_422' title='bbox 1380 1820 1469 1844; x_wconf 89' lang='lat' dir='ltr'><strong>diuina</strong></span> 
     </span>
     <span class='ocr_line' id='line_1_70' title="bbox 977 1863 1489 1894; baseline -0.004 -6"><span class='ocrx_word' id='word_1_423' title='bbox 977 1864 1072 1888; x_wconf 80' lang='lat' dir='ltr'><strong>uirtute</strong></span> <span class='ocrx_word' id='word_1_424' title='bbox 1091 1864 1241 1888; x_wconf 81' lang='lat' dir='ltr'><strong>resistimus.</strong></span> <span class='ocrx_word' id='word_1_425' title='bbox 1278 1867 1416 1894; x_wconf 85' lang='lat' dir='ltr'><strong>utrumque</strong></span> <span class='ocrx_word' id='word_1_426' title='bbox 1435 1863 1489 1894; x_wconf 88' lang='lat' dir='ltr'><strong>qni-</strong></span> 
     </span>
     <span class='ocr_line' id='line_1_71' title="bbox 977 1906 1515 1938; baseline -0.004 -7"><span class='ocrx_word' id='word_1_427' title='bbox 977 1907 1033 1931; x_wconf 75' lang='lat' dir='ltr'><strong>dem</strong></span> <span class='ocrx_word' id='word_1_428' title='bbox 1053 1907 1167 1931; x_wconf 81' lang='lat' dir='ltr'><strong>noxium.</strong></span> <span class='ocrx_word' id='word_1_429' title='bbox 1203 1910 1341 1937; x_wconf 85' lang='lat' dir='ltr'><strong>utrumque</strong></span> <span class='ocrx_word' id='word_1_430' title='bbox 1361 1906 1515 1938; x_wconf 72' lang='lat' dir='ltr'><strong>pellendum.</strong></span> 
     </span>
     <span class='ocr_line' id='line_1_72' title="bbox 977 1949 1457 1982; baseline -0.002 -8"><span class='ocrx_word' id='word_1_431' title='bbox 977 1950 1020 1974; x_wconf 85' lang='lat' dir='ltr'><strong>scd</strong></span> <span class='ocrx_word' id='word_1_432' title='bbox 1038 1954 1110 1974; x_wconf 83' lang='lat' dir='ltr'><strong>tanto</strong></span> <span class='ocrx_word' id='word_1_433' title='bbox 1128 1950 1236 1982; x_wconf 81' lang='lat' dir='ltr'><strong>grauius</strong></span> <span class='ocrx_word' id='word_1_434' title='bbox 1254 1953 1402 1974; x_wconf 80' lang='lat' dir='ltr'><strong>crassantur</strong></span> <span class='ocrx_word' id='word_1_435' title='bbox 1422 1949 1457 1973; x_wconf 89' lang='lat' dir='ltr'><strong>ni-</strong></span> 
     </span>
     <span class='ocr_line' id='line_1_73' title="bbox 977 1993 1432 2025; baseline -0.002 -8"><span class='ocrx_word' id='word_1_436' title='bbox 977 1994 1022 2017; x_wconf 93' lang='lat' dir='ltr'><strong>tia.</strong></span> <span class='ocrx_word' id='word_1_437' title='bbox 1053 1997 1147 2025; x_wconf 86' lang='lat' dir='ltr'><strong>quanto</strong></span> <span class='ocrx_word' id='word_1_438' title='bbox 1166 1993 1307 2025; x_wconf 84' lang='lat' dir='ltr'><strong>probantur</strong></span> <span class='ocrx_word' id='word_1_439' title='bbox 1325 1993 1432 2017; x_wconf 81' lang='lat' dir='ltr'><strong>interna.</strong></span> 
     </span>
     <span class='ocr_line' id='line_1_74' title="bbox 978 2035 1451 2061; baseline 0 -2"><span class='ocrx_word' id='word_1_440' title='bbox 978 2044 1058 2060; x_wconf 87' lang='lat' dir='ltr'><strong>unum</strong></span> <span class='ocrx_word' id='word_1_441' title='bbox 1078 2036 1204 2060; x_wconf 86' lang='lat' dir='ltr'><strong>recumbit</strong></span> <span class='ocrx_word' id='word_1_442' title='bbox 1220 2036 1247 2059; x_wconf 91' lang='lat' dir='ltr'><strong>in</strong></span> <span class='ocrx_word' id='word_1_443' title='bbox 1265 2036 1353 2061; x_wconf 80' lang='lat' dir='ltr'><strong>altero.</strong></span> <span class='ocrx_word' id='word_1_444' title='bbox 1391 2035 1451 2059; x_wconf 82' lang='lat' dir='ltr'><strong>saei-</strong></span> 
     </span>
     <span class='ocr_line' id='line_1_75' title="bbox 978 2079 1462 2111; baseline 0 -9"><span class='ocrx_word' id='word_1_445' title='bbox 978 2079 1027 2103; x_wconf 88' lang='lat' dir='ltr'><strong>lius</strong></span> <span class='ocrx_word' id='word_1_446' title='bbox 1046 2079 1139 2111; x_wconf 88' lang='lat' dir='ltr'><strong>quippe</strong></span> <span class='ocrx_word' id='word_1_447' title='bbox 1158 2079 1319 2103; x_wconf 86' lang='lat' dir='ltr'><strong>inimicorum</strong></span> <span class='ocrx_word' id='word_1_448' title='bbox 1337 2079 1404 2103; x_wconf 80' lang='lat' dir='ltr'><strong>acies</strong></span> <span class='ocrx_word' id='word_1_449' title='bbox 1423 2086 1462 2102; x_wconf 79' lang='lat' dir='ltr'><strong>ca-</strong></span> 
     </span>
    </p>
   </div>
   <div class='ocr_carea' id='block_1_21' title="bbox 978 2121 1547 2146">
    <p class='ocr_par' dir='ltr' id='par_1_28' title="bbox 978 2121 1547 2146">
     <span class='ocr_line' id='line_1_76' title="bbox 978 2121 1547 2146; baseline -0.004 0"><span class='ocrx_word' id='word_1_450' title='bbox 978 2123 1049 2146; x_wconf 88' lang='lat' dir='ltr'><strong>dunt.</strong></span> <span class='ocrx_word' id='word_1_451' title='bbox 1086 2123 1107 2146; x_wconf 91' lang='lat' dir='ltr'><strong>si</strong></span> <span class='ocrx_word' id='word_1_452' title='bbox 1128 2126 1213 2146; x_wconf 81' lang='lat' dir='ltr'><strong>nostro</strong></span> <span class='ocrx_word' id='word_1_453' title='bbox 1238 2130 1297 2146; x_wconf 89' lang='lat' dir='ltr'><strong>eum</strong></span> <span class='ocrx_word' id='word_1_454' title='bbox 1316 2122 1409 2146; x_wconf 83' lang='lat' dir='ltr'><strong>delicta</strong></span> <span class='ocrx_word' id='word_1_455' title='bbox 1428 2121 1547 2145; x_wconf 84' lang='lat' dir='ltr'><strong>subduci-</strong></span> 
     </span>
    </p>
   </div>
   <div class='ocr_carea' id='block_1_22' title="bbox 974 2165 1528 2886">
    <p class='ocr_par' dir='ltr' id='par_1_29' title="bbox 976 2165 1528 2363">
     <span class='ocr_line' id='line_1_77' title="bbox 977 2165 1425 2197; baseline -0.004 -8"><span class='ocrx_word' id='word_1_456' title='bbox 977 2174 1041 2190; x_wconf 85' lang='lat' dir='ltr'><strong>mus.</strong></span> <span class='ocrx_word' id='word_1_457' title='bbox 1078 2165 1187 2189; x_wconf 85' lang='lat' dir='ltr'><strong>Primam</strong></span> <span class='ocrx_word' id='word_1_458' title='bbox 1206 2165 1317 2189; x_wconf 85' lang='lat' dir='ltr'><strong>humano</strong></span> <span class='ocrx_word' id='word_1_459' title='bbox 1337 2165 1425 2197; x_wconf 83' lang='lat' dir='ltr'><strong>generi</strong></span> 
     </span>
     <span class='ocr_line' id='line_1_78' title="bbox 976 2208 1476 2240; baseline -0.002 -8"><span class='ocrx_word' id='word_1_460' title='bbox 976 2209 1077 2233; x_wconf 79' lang='lat' dir='ltr'><strong>noxiam</strong></span> <span class='ocrx_word' id='word_1_461' title='bbox 1096 2209 1274 2240; x_wconf 82' lang='lat' dir='ltr'><strong>peruasionem</strong></span> <span class='ocrx_word' id='word_1_462' title='bbox 1293 2208 1341 2232; x_wconf 87' lang='lat' dir='ltr'><strong>sub</strong></span> <span class='ocrx_word' id='word_1_463' title='bbox 1360 2216 1412 2239; x_wconf 86' lang='lat' dir='ltr'><strong>qna</strong></span> <span class='ocrx_word' id='word_1_464' title='bbox 1430 2216 1476 2231; x_wconf 81' lang='lat' dir='ltr'><strong>nec</strong></span> 
     </span>
     <span class='ocr_line' id='line_1_79' title="bbox 976 2251 1453 2283; baseline -0.004 -7"><span class='ocrx_word' id='word_1_465' title='bbox 976 2252 1025 2276; x_wconf 83' lang='lat' dir='ltr'><strong>dici</strong></span> <span class='ocrx_word' id='word_1_466' title='bbox 1044 2255 1126 2283; x_wconf 81' lang='lat' dir='ltr'><strong>potest</strong></span> <span class='ocrx_word' id='word_1_467' title='bbox 1144 2251 1263 2276; x_wconf 84' lang='lat' dir='ltr'><strong>ciuilitas.</strong></span> <span class='ocrx_word' id='word_1_468' title='bbox 1300 2259 1347 2275; x_wconf 92' lang='lat' dir='ltr'><strong>nec</strong></span> <span class='ocrx_word' id='word_1_469' title='bbox 1366 2251 1453 2275; x_wconf 85' lang='lat' dir='ltr'><strong>baberi</strong></span> 
     </span>
     <span class='ocr_line' id='line_1_80' title="bbox 976 2294 1528 2326; baseline -0.004 -7"><span class='ocrx_word' id='word_1_470' title='bbox 976 2295 1112 2319; x_wconf 79' lang='lat' dir='ltr'><strong>seueritate</strong></span> <span class='ocrx_word' id='word_1_471' title='bbox 1130 2295 1224 2326; x_wconf 86' lang='lat' dir='ltr'><strong>legum.</strong></span> <span class='ocrx_word' id='word_1_472' title='bbox 1261 2298 1286 2318; x_wconf 80' lang='lat' dir='ltr'><strong>et</strong></span> <span class='ocrx_word' id='word_1_473' title='bbox 1304 2298 1391 2318; x_wconf 80' lang='lat' dir='ltr'><strong>nostra</strong></span> <span class='ocrx_word' id='word_1_474' title='bbox 1411 2294 1528 2325; x_wconf 61' lang='lat' dir='ltr'><strong>indigna&lt;</strong></span> 
     </span>
     <span class='ocr_line' id='line_1_81' title="bbox 976 2338 1407 2363; baseline -0.002 -2"><span class='ocrx_word' id='word_1_475' title='bbox 976 2339 1044 2363; x_wconf 72' lang='lat' dir='ltr'><strong>tione</strong></span> <span class='ocrx_word' id='word_1_476' title='bbox 1063 2338 1220 2362; x_wconf 87' lang='lat' dir='ltr'><strong>damnamus.</strong></span> <span class='ocrx_word' id='word_1_477' title='bbox 1257 2340 1407 2361; x_wconf 79' lang='lat' dir='ltr'><strong>statuentes.</strong></span> 
     </span>
    </p>

    <p class='ocr_par' dir='ltr' id='par_1_30' title="bbox 976 2380 1491 2627">
     <span class='ocr_line' id='line_1_82' title="bbox 976 2380 1379 2405; baseline -0.002 0"><span class='ocrx_word' id='word_1_478' title='bbox 976 2385 1003 2405; x_wconf 87' lang='lat' dir='ltr'><strong>nt</strong></span> <span class='ocrx_word' id='word_1_479' title='bbox 1022 2382 1119 2405; x_wconf 74' lang='lat' dir='ltr'><strong>sancti«)</strong></span> <span class='ocrx_word' id='word_1_480' title='bbox 1138 2381 1192 2404; x_wconf 86' lang='lat' dir='ltr'><strong>diui</strong></span> <span class='ocrx_word' id='word_1_481' title='bbox 1211 2380 1379 2404; x_wconf 79' lang='lat' dir='ltr'><strong>ualentiniani</strong></span> 
     </span>
     <span class='ocr_line' id='line_1_83' title="bbox 976 2422 1446 2455; baseline -0.004 -7"><span class='ocrx_word' id='word_1_482' title='bbox 976 2425 1111 2448; x_wconf 77' lang='lat' dir='ltr'><strong>aduersum</strong></span> <span class='ocrx_word' id='word_1_483' title='bbox 1131 2432 1173 2448; x_wconf 78' lang='lat' dir='ltr'><strong>eos</strong></span> <span class='ocrx_word' id='word_1_484' title='bbox 1193 2422 1258 2454; x_wconf 64' lang='lat' dir='ltr'><strong>‹1th</strong></span> <span class='ocrx_word' id='word_1_485' title='bbox 1279 2423 1386 2455; x_wconf 78' lang='lat' dir='ltr'><strong>pessime</strong></span> <span class='ocrx_word' id='word_1_486' title='bbox 1405 2431 1446 2447; x_wconf 77' lang='lat' dir='ltr'><strong>nc-</strong></span> 
     </span>
     <span class='ocr_line' id='line_1_84' title="bbox 976 2467 1409 2499; baseline -0.002 -8"><span class='ocrx_word' id='word_1_487' title='bbox 976 2467 1060 2499; x_wconf 79' lang='lat' dir='ltr'><strong>glecta</strong></span> <span class='ocrx_word' id='word_1_488' title='bbox 1078 2471 1223 2499; x_wconf 78' lang='lat' dir='ltr'><strong>consurgat.</strong></span> <span class='ocrx_word' id='word_1_489' title='bbox 1259 2467 1302 2498; x_wconf 86' lang='lat' dir='ltr'><strong>qui</strong></span> <span class='ocrx_word' id='word_1_490' title='bbox 1323 2467 1409 2498; x_wconf 74' lang='lat' dir='ltr'><strong>predia</strong></span> 
     </span>
     <span class='ocr_line' id='line_1_85' title="bbox 976 2509 1491 2541; baseline -0.004 -7"><span class='ocrx_word' id='word_1_491' title='bbox 976 2511 1083 2534; x_wconf 83' lang='lat' dir='ltr'><strong>urbana.</strong></span> <span class='ocrx_word' id='word_1_492' title='bbox 1119 2511 1161 2535; x_wconf 88' lang='lat' dir='ltr'><strong>uel</strong></span> <span class='ocrx_word' id='word_1_493' title='bbox 1179 2510 1276 2534; x_wconf 79' lang='lat' dir='ltr'><strong>rustica</strong></span> <span class='ocrx_word' id='word_1_494' title='bbox 1293 2510 1410 2541; x_wconf 72' lang='lat' dir='ltr'><strong>despecto</strong></span> <span class='ocrx_word' id='word_1_495' title='bbox 1430 2509 1491 2533; x_wconf 86' lang='lat' dir='ltr'><strong>iuris</strong></span> 
     </span>
     <span class='ocr_line' id='line_1_86' title="bbox 976 2553 1483 2584; baseline 0 -8"><span class='ocrx_word' id='word_1_496' title='bbox 976 2553 1063 2576; x_wconf 85' lang='lat' dir='ltr'><strong>ordine</strong></span> <span class='ocrx_word' id='word_1_497' title='bbox 1082 2561 1126 2584; x_wconf 75' lang='lat' dir='ltr'><strong>por</strong></span> <span class='ocrx_word' id='word_1_498' title='bbox 1143 2561 1170 2577; x_wconf 83' lang='lat' dir='ltr'><strong>se</strong></span> <span class='ocrx_word' id='word_1_499' title='bbox 1189 2561 1300 2583; x_wconf 81' lang='lat' dir='ltr'><strong>suosque</strong></span> <span class='ocrx_word' id='word_1_500' title='bbox 1319 2553 1483 2584; x_wconf 81' lang='lat' dir='ltr'><strong>presumserit</strong></span> 
     </span>
     <span class='ocr_line' id='line_1_87' title="bbox 976 2596 1389 2627; baseline 0 -8"><span class='ocrx_word' id='word_1_501' title='bbox 976 2596 1082 2627; x_wconf 76' lang='lat' dir='ltr'><strong>expulso</strong></span> <span class='ocrx_word' id='word_1_502' title='bbox 1101 2604 1244 2627; x_wconf 83' lang='lat' dir='ltr'><strong>possessore</strong></span> <span class='ocrx_word' id='word_1_503' title='bbox 1263 2596 1389 2620; x_wconf 68' lang='lat' dir='ltr'><strong>uiolenter</strong></span> 
     </span>
    </p>

    <p class='ocr_par' dir='ltr' id='par_1_31' title="bbox 975 2639 1515 2844">
     <span class='ocr_line' id='line_1_88' title="bbox 975 2639 1515 2670; baseline -0.002 -7"><span class='ocrx_word' id='word_1_504' title='bbox 975 2639 1078 2663; x_wconf 77' lang='lat' dir='ltr'><strong>intrare.</strong></span> <span class='ocrx_word' id='word_1_505' title='bbox 1114 2647 1161 2663; x_wconf 86' lang='lat' dir='ltr'><strong>nec</strong></span> <span class='ocrx_word' id='word_1_506' title='bbox 1179 2639 1277 2670; x_wconf 86' lang='lat' dir='ltr'><strong>aliquid</strong></span> <span class='ocrx_word' id='word_1_507' title='bbox 1295 2639 1325 2663; x_wconf 85' lang='lat' dir='ltr'><strong>de</strong></span> <span class='ocrx_word' id='word_1_508' title='bbox 1344 2639 1399 2663; x_wconf 76' lang='lat' dir='ltr'><strong>eius</strong></span> <span class='ocrx_word' id='word_1_509' title='bbox 1419 2639 1515 2662; x_wconf 86' lang='lat' dir='ltr'><strong>distric-</strong></span> 
     </span>
     <span class='ocr_line' id='line_1_89' title="bbox 975 2682 1456 2713; baseline 0 -8"><span class='ocrx_word' id='word_1_510' title='bbox 975 2683 1043 2706; x_wconf 83' lang='lat' dir='ltr'><strong>tione</strong></span> <span class='ocrx_word' id='word_1_511' title='bbox 1061 2682 1204 2707; x_wconf 80' lang='lat' dir='ltr'><strong>detestabili</strong></span> <span class='ocrx_word' id='word_1_512' title='bbox 1224 2682 1344 2706; x_wconf 79' lang='lat' dir='ltr'><strong>uolumus</strong></span> <span class='ocrx_word' id='word_1_513' title='bbox 1363 2686 1456 2713; x_wconf 85' lang='lat' dir='ltr'><strong>tempe-</strong></span> 
     </span>
     <span class='ocr_line' id='line_1_90' title="bbox 975 2725 1462 2757; baseline -0.004 -7"><span class='ocrx_word' id='word_1_514' title='bbox 975 2727 1072 2750; x_wconf 71' lang='lat' dir='ltr'><strong>ratione</strong></span> <span class='ocrx_word' id='word_1_515' title='bbox 1091 2726 1209 2757; x_wconf 78' lang='lat' dir='ltr'><strong>mitigari.</strong></span> <span class='ocrx_word' id='word_1_516' title='bbox 1246 2726 1350 2757; x_wconf 78' lang='lat' dir='ltr'><strong>insuper</strong></span> <span class='ocrx_word' id='word_1_517' title='bbox 1368 2725 1462 2749; x_wconf 79' lang='lat' dir='ltr'><strong>adden-</strong></span> 
     </span>
     <span class='ocr_line' id='line_1_91' title="bbox 975 2768 1507 2801; baseline -0.006 -7"><span class='ocrx_word' id='word_1_518' title='bbox 975 2774 1012 2794; x_wconf 79' lang='lat' dir='ltr'><strong>tes</strong></span> <span class='ocrx_word' id='word_1_519' title='bbox 1032 2774 1060 2794; x_wconf 88' lang='lat' dir='ltr'><strong>ut</strong></span> <span class='ocrx_word' id='word_1_520' title='bbox 1078 2769 1099 2793; x_wconf 91' lang='lat' dir='ltr'><strong>si</strong></span> <span class='ocrx_word' id='word_1_521' title='bbox 1117 2769 1175 2800; x_wconf 87' lang='lat' dir='ltr'><strong>quis</strong></span> <span class='ocrx_word' id='word_1_522' title='bbox 1194 2769 1365 2801; x_wconf 84' lang='lat' dir='ltr'><strong>ingenuorum</strong></span> <span class='ocrx_word' id='word_1_523' title='bbox 1384 2768 1417 2792; x_wconf 83' lang='lat' dir='ltr'><strong>ad</strong></span> <span class='ocrx_word' id='word_1_524' title='bbox 1435 2768 1507 2792; x_wconf 76' lang='lat' dir='ltr'><strong>satis-</strong></span> 
     </span>
     <span class='ocr_line' id='line_1_92' title="bbox 975 2811 1443 2844; baseline -0.006 -7"><span class='ocrx_word' id='word_1_525' title='bbox 975 2813 1118 2837; x_wconf 79' lang='lat' dir='ltr'><strong>faciendum</strong></span> <span class='ocrx_word' id='word_1_526' title='bbox 1137 2812 1201 2844; x_wconf 84' lang='lat' dir='ltr'><strong>legis</strong></span> <span class='ocrx_word' id='word_1_527' title='bbox 1219 2812 1336 2844; x_wconf 87' lang='lat' dir='ltr'><strong>superius</strong></span> <span class='ocrx_word' id='word_1_528' title='bbox 1356 2811 1443 2835; x_wconf 80' lang='lat' dir='ltr'><strong>defini-</strong></span> 
     </span>
    </p>

    <p class='ocr_par' dir='ltr' id='par_1_32' title="bbox 974 2855 1450 2886">
     <span class='ocr_line' id='line_1_93' title="bbox 974 2855 1450 2886; baseline -0.006 -5"><span class='ocrx_word' id='word_1_529' title='bbox 974 2861 1015 2881; x_wconf 85' lang='lat' dir='ltr'><strong>tae</strong></span> <span class='ocrx_word' id='word_1_530' title='bbox 1035 2856 1140 2880; x_wconf 81' lang='lat' dir='ltr'><strong>idoneus</strong></span> <span class='ocrx_word' id='word_1_531' title='bbox 1159 2864 1210 2879; x_wconf 91' lang='lat' dir='ltr'><strong>non</strong></span> <span class='ocrx_word' id='word_1_532' title='bbox 1230 2855 1338 2879; x_wconf 71' lang='lat' dir='ltr'><strong>hahetur</strong></span> <span class='ocrx_word' id='word_1_533' title='bbox 1357 2855 1450 2886; x_wconf 86' lang='lat' dir='ltr'><strong>Depor-</strong></span> 
     </span>
    </p>
   </div>
   <div class='ocr_carea' id='block_1_23' title="bbox 1598 1947 1809 1980">
    <p class='ocr_par' dir='ltr' id='par_1_33' title="bbox 1598 1947 1809 1980">
     <span class='ocr_line' id='line_1_94' title="bbox 1598 1947 1809 1980; baseline -0.009 -8"><span class='ocrx_word' id='word_1_534' title='bbox 1598 1951 1748 1980; x_wconf 82' lang='lat' dir='ltr'><strong>grassantur</strong></span> <span class='ocrx_word' id='word_1_535' title='bbox 1767 1947 1793 1970; x_wconf 85' lang='lat' dir='ltr'><em>D</em></span> <span class='ocrx_word' id='word_1_536' title='bbox 1799 1947 1809 1961; x_wconf 88' lang='lat'><strong>²</strong></span> 
     </span>
    </p>
   </div>
   <div class='ocr_carea' id='block_1_24' title="bbox 1596 2423 1940 2456">
    <p class='ocr_par' dir='ltr' id='par_1_34' title="bbox 1596 2423 1940 2456">
     <span class='ocr_line' id='line_1_95' title="bbox 1596 2423 1940 2456; baseline 0 -10"><span class='ocrx_word' id='word_1_537' title='bbox 1596 2423 1746 2448; x_wconf 74' lang='lat' dir='ltr'><strong>membrana.</strong></span> <span class='ocrx_word' id='word_1_538' title='bbox 1760 2424 1898 2456; x_wconf 51' lang='lat' dir='ltr'><strong>pensorum</strong></span> <span class='ocrx_word' id='word_1_539' title='bbox 1918 2423 1940 2446; x_wconf 90' lang='lat' dir='ltr'><em>D</em></span> 
     </span>
    </p>
   </div>
   <div class='ocr_carea' id='block_1_25' title="bbox 1597 2467 1784 2499">
    <p class='ocr_par' dir='ltr' id='par_1_35' title="bbox 1597 2467 1784 2499">
     <span class='ocr_line' id='line_1_96' title="bbox 1597 2467 1784 2499; baseline -0.011 -8"><span class='ocrx_word' id='word_1_540' title='bbox 1597 2467 1689 2499; x_wconf 77' lang='lat' dir='ltr'><strong>negleg</strong></span> <span class='ocrx_word' id='word_1_541' title='bbox 1695 2471 1720 2491; x_wconf 58' lang='grc' dir='ltr'><strong>,ί</strong></span> <span class='ocrx_word' id='word_1_542' title='bbox 1740 2467 1765 2490; x_wconf 85' lang='lat' dir='ltr'><strong>I)</strong></span> <span class='ocrx_word' id='word_1_543' title='bbox 1772 2471 1784 2483; x_wconf 60' lang='grc' dir='ltr'>Β</span> 
     </span>
    </p>
   </div>
   <div class='ocr_carea' id='block_1_26' title="bbox 1596 2552 1841 2585">
    <p class='ocr_par' dir='ltr' id='par_1_36' title="bbox 1596 2552 1841 2585">
     <span class='ocr_line' id='line_1_97' title="bbox 1596 2552 1841 2585; baseline -0.004 -8"><span class='ocrx_word' id='word_1_544' title='bbox 1596 2553 1777 2585; x_wconf 80' lang='lat' dir='ltr'><strong>presumserint</strong></span> <span class='ocrx_word' id='word_1_545' title='bbox 1797 2553 1823 2576; x_wconf 90' lang='lat' dir='ltr'><em>D</em></span> <span class='ocrx_word' id='word_1_546' title='bbox 1831 2552 1841 2566; x_wconf 76' lang='lat'><strong>²</strong></span> 
     </span>
    </p>
   </div>
  </div>
 </body>
</html>
