2279 3261
755 186 947 213 VARIARVM
969 187 1014 214 XI,
1036 189 1074 213 13.
1097 188 1134 213 14.
1156 189 1194 213 15.
1737 190 1796 219 :3423

150 274 349 306 adterantur.
389 274 505 315 quibus
531 273 655 304 indultu
681 274 782 313 rogali
806 273 997 304 beneficium
1018 274 1234 316 praecipimus
1254 275 1373 315 iugiter
1390 274 1556 305 custodiri.
1582 285 1620 304 ne
1639 274 1716 304 urbs
1734 274 1798 304 illa.

151 326 313 368 positione
339 337 398 357 sua
422 326 562 357 libenter
587 325 788 358 habitabilis.
823 329 965 356 rarescat
990 326 1102 357 incolis
1126 327 1306 367 frequentia
1331 326 1493 356 laesionis.
1541 331 1591 356 est
1615 327 1699 357 enim
1726 330 1799 366 post

150 378 306 409 montium
331 377 427 409 devia
451 382 483 408 et
507 377 568 408 laci
593 378 755 419 purissimi
779 378 966 409 vastitatem
990 378 1083 419 quasi
1102 389 1213 409 murus
1232 378 1361 420 quidam
1380 379 1497 420 planae
1516 379 1678 420 Liguriae.
1717 388 1799 418 quae

149 430 226 461 licet
250 431 413 461 munimen
439 430 612 461 claustrale
634 430 791 471 probetur
808 441 881 461 esse
900 430 1096 472 provinciae.
1122 431 1152 461 in
1171 434 1293 461 tantam
1312 430 1585 472 pulchritudinem
1603 430 1799 471 perducitur.

150 486 184 513 ut
208 481 248 513 ad
272 482 356 512 solas
381 481 515 512 delicias
539 482 687 513 instituta
712 493 783 513 esse
810 481 967 513 videatur.
1014 481 1105 513 Haec
1131 486 1203 523 post
1227 486 1353 523 tergum
1378 483 1572 523 campestria
1589 483 1676 513 culta
1693 486 1798 512 trans-
1820 489 1830 505 ⁵

151 533 249 565 mittit
277 537 309 564 et
337 534 482 564 amoenis
513 534 751 564 vectationibus
780 537 856 575 apta
886 537 918 564 et
948 534 1143 564 victualibus
1170 534 1270 575 copiis
1296 533 1501 574 indulgenter
1525 533 1748 564 accommoda:
1783 544 1801 563 a

150 587 254 617 fronte
280 585 453 627 sexaginta
478 585 607 616 milibus
632 585 812 616 dulcissimi
837 585 986 626 aequoris
1012 586 1210 616 amoenitate
1230 585 1415 626 perfruitur,
1441 589 1475 615 ut
1500 589 1532 616 et
1549 585 1675 616 animus
1693 596 1799 615 recre-

150 638 227 669 abili
256 637 474 669 delectatione
507 638 643 668 satietur
672 642 703 669 et
734 638 870 679 piscium
901 637 995 679 copia
1024 637 1120 668 nullis
1153 637 1402 679 tempestatibus
1428 637 1637 670 subducatur,
1684 637 1799 667 merito

151 701 229 731 ergo
248 688 382 720 Comum
407 700 524 720 nomen
550 690 686 731 accepit,
712 700 794 731 quae
820 689 916 720 tantis
934 690 1073 720 laetatur
1090 692 1220 731 compta
1236 689 1436 720 muneribus.
1477 689 1528 719 hic
1546 689 1691 730 profecto
1711 689 1801 719 lacus

151 745 200 772 est
233 741 327 772 nimis
357 742 574 783 amplissimae
605 742 698 772 vallis
728 741 947 783 profunditate
978 745 1161 782 susceptus.
1197 741 1249 782 qui
1280 740 1474 771 concharum
1502 741 1621 771 formas
1647 740 1801 771 decenter

150 794 294 828 imitatus
320 794 445 834 spumei
470 794 572 824 litoris
597 793 708 824 albore
734 793 928 834 depingitur.
976 792 1070 823 Circa
1094 803 1189 833 quem
1215 793 1409 823 conveniunt
1439 793 1469 823 in
1495 803 1633 823 coronae
1658 792 1800 833 speciem

151 845 356 877 excelsorum
385 846 539 876 montium
567 845 803 887 pulcherrimae
832 844 1049 881 summitates.
1083 845 1172 875 cuius
1202 854 1258 875 ora
1282 845 1516 885 praetoriorum
1542 844 1719 875 luminibus
1743 844 1800 873 de-

151 901 264 928 center
288 901 401 928 ornata
425 898 516 939 quasi
542 897 680 939 quodam
706 897 835 938 cingulo
852 896 1019 927 Palladiae
1046 897 1146 927 silvae
1171 897 1339 938 perpetuis
1365 896 1585 927 viriditatibus
1605 895 1802 926 ambiuntur.

152 960 249 991 super
273 950 356 980 hunc
382 950 555 981 frondosae
582 951 696 981 vineae
718 950 802 980 latus
819 949 938 979 montis
956 948 1145 980 ascendunt.
1182 959 1266 990 apex
1284 952 1393 979 autem
1413 949 1482 990 ipse
1501 948 1591 989 quasi
1610 947 1802 989 quibusdam

152 1001 275 1043 capillis
307 1005 533 1033 castanearum
564 1002 727 1033 densitate
758 1002 918 1043 crispatus
950 1004 1084 1032 ornante
1116 1004 1232 1031 natura
1263 1000 1461 1042 depingitur.
1512 1000 1587 1031 hinc
1619 1000 1676 1031 rivi
1709 1000 1802 1030 niveo
1836 1007 1844 1022 ἦ

152 1053 292 1084 candore
323 1055 507 1085 relucentes
541 1055 571 1084 in
602 1065 710 1085 aream
741 1053 800 1084 laci
833 1053 1005 1084 altitudine
1031 1053 1268 1094 praecipitante
1292 1052 1503 1083 descendunt.
1550 1052 1656 1082 Huius
1681 1052 1804 1082 sinibus

152 1105 192 1136 ab
216 1109 325 1136 austro
350 1106 481 1137 veniens
506 1106 623 1136 Addua
640 1105 756 1136 fluvius
775 1105 922 1136 faucibus
941 1105 1062 1146 apertis
1081 1105 1252 1146 excipitur.
1288 1104 1342 1146 qui
1360 1104 1431 1135 ideo
1450 1104 1513 1135 tale
1532 1114 1648 1135 nomen
1667 1103 1803 1144 accepit.

151 1158 226 1199 quia
255 1157 381 1188 duobus
406 1158 551 1189 fontibus
577 1157 757 1199 adquisitus
783 1158 873 1198 quasi
899 1157 929 1188 in
955 1158 1121 1199 proprium
1147 1167 1235 1187 mare
1261 1155 1458 1190 devolvitur.
1489 1156 1542 1196 qui
1567 1160 1655 1186 tanto
1681 1156 1803 1196 impetu

152 1210 326 1240 vastissimi
364 1211 513 1251 aequoris
549 1210 652 1241 undas
688 1209 813 1247 incidit.
849 1214 884 1240 ut
915 1220 1033 1240 nomen
1067 1210 1212 1240 retinens
1245 1213 1277 1240 et
1309 1210 1449 1240 colorem
1484 1209 1515 1240 in
1548 1208 1803 1250 septentrionem

152 1262 303 1293 obesiore
328 1262 412 1293 alvei
437 1266 548 1293 ventre
573 1266 764 1304 generetur:
798 1265 893 1304 putes
918 1262 1078 1303 quandam
1104 1262 1224 1292 lineam
1248 1261 1422 1292 fusciorem
1447 1262 1477 1291 in
1503 1261 1594 1302 aquis
1620 1260 1804 1291 albentibus

153 1324 226 1345 esse
251 1313 446 1356 descriptam
472 1314 618 1356 miroque
640 1315 735 1345 modo
753 1314 918 1345 influentis
938 1314 1077 1345 discolor
1095 1318 1212 1345 natura
1230 1314 1436 1355 conspicitun
1462 1324 1544 1354 quae
1562 1312 1690 1343 misceri
1708 1322 1805 1353 posse

153 1366 249 1397 simili
275 1367 399 1408 liquore
424 1367 570 1397 sentitur.
616 1367 689 1397 Hoc
715 1371 747 1398 et
772 1367 802 1397 in
827 1366 959 1397 marinis
984 1366 1112 1407 quidem
1138 1365 1290 1396 fluctibus
1310 1365 1481 1396 fluviorum
1500 1364 1710 1395 inundatione
1730 1375 1804 1394 con-

153 1419 262 1460 tingit:
295 1418 352 1449 sed
384 1418 463 1449 ratio
492 1418 564 1461 ipsa
594 1418 773 1460 vulgariter
801 1421 907 1460 patet.
938 1421 973 1449 ut
996 1421 1157 1449 torrentes
1182 1418 1380 1459 praecipites
1406 1417 1520 1447 limosa
1545 1417 1637 1447 faece
1663 1415 1805 1457 corrupti

153 1470 254 1501 vitreo
279 1470 342 1501 sint
366 1471 498 1512 aequori
523 1470 711 1501 discolores.
751 1470 809 1501 hoe
835 1473 944 1501 autem
969 1470 1037 1501 iure
1063 1469 1230 1512 putabitur
1249 1469 1456 1511 stupendum.
1483 1468 1568 1510 quod
1586 1468 1690 1499 simile
1709 1468 1805 1498 tantis

153 1522 365 1563 qualitatibus
399 1523 597 1554 elementum
626 1533 684 1564 per
716 1523 842 1564 pigrum
874 1526 1025 1563 stagnum
1057 1522 1168 1553 videas
1201 1522 1248 1553 ire
1280 1522 1497 1555 celerrimum.
1531 1524 1565 1551 ut
1594 1530 1720 1551 amnem
1750 1529 1806 1560 per
1825 1528 1836 1543 ι’

155 1575 275 1606 solidos
307 1585 439 1617 campos
470 1578 565 1616 putes
597 1575 786 1613 decurrere.
822 1585 917 1616 quem
950 1585 984 1606 se
1014 1575 1194 1616 peregrinis
1225 1574 1320 1604 undis
1351 1584 1414 1604 non
1440 1573 1551 1604 videas
1577 1573 1683 1603 colore
1709 1582 1806 1613 posse

154 1628 304 1658 miscere.
344 1626 551 1669 Quapropter
575 1627 686 1657 incolis
711 1627 823 1657 harum
850 1637 956 1657 rerum
977 1627 1045 1657 iure
1062 1627 1215 1668 parcitur.
1241 1625 1369 1667 quando
1387 1636 1524 1657 amoena
1542 1625 1651 1656 onmia
1668 1624 1806 1655 delicata

155 1683 229 1711 sunt
253 1679 293 1710 ad
318 1679 447 1710 labores
472 1683 504 1710 et
529 1680 623 1710 facile
649 1690 730 1710 onus
755 1679 940 1710 afflictionis
962 1680 1115 1713 sentiunt.
1141 1679 1193 1720 qui
1215 1679 1261 1709 uti
1284 1678 1439 1709 suavibus
1457 1677 1581 1708 deliciis
1600 1681 1806 1707 consuerunt.

156 1732 304 1762 fruantur
328 1742 405 1773 ergo
429 1742 564 1762 munere
589 1731 687 1772 regali
714 1734 882 1773 perpetue.
907 1735 943 1762 ut
968 1731 1050 1762 sicut
1074 1731 1218 1772 gaudent
1241 1731 1358 1761 nativis
1381 1730 1496 1772 epulis.
1522 1730 1565 1760 ita
1584 1740 1639 1760 eos
1658 1728 1806 1759 exultare

154 1784 252 1814 faciat
276 1783 496 1814 munificentia
519 1783 715 1825 principalis.

943 1869 1016 1900 xv.

680 1938 926 1970 Lleufflssus
952 1937 1163 1970 SENATOR
1186 1930 1282 1969 P'P'o.
1698 1964 1727 1984 α,
1747 1955 1807 1983 534

261 2011 384 2051 Regale
402 2021 519 2042 munus
538 2011 745 2053 impetratum
763 2010 917 2051 gaudium
936 2009 1035 2040 debet
1052 2019 1125 2040 esse
1144 2011 1341 2039 cunctorum.
1361 2012 1395 2038 ut
1412 2007 1593 2048 provocetis
1609 2006 1649 2037 ad
1663 2007 1808 2037 meliora.

157 2074 229 2094 cum
254 2063 293 2094 de
319 2062 411 2093 vobis
436 2073 592 2094 concessa
616 2062 832 2104 probaveritis
858 2073 928 2093 esse
951 2060 1147 2102 gratissima.
1188 2071 1260 2091 nam
1286 2060 1310 2090 si
1333 2059 1505 2090 subvenire
1524 2069 1652 2100 semper
1669 2058 1807 2088 amantis

157 2119 218 2153 est,
243 2115 421 2146 cuiusmodi
446 2126 502 2145 vos
525 2115 715 2145 aestimatos
740 2114 940 2155 intellegitis,
965 2123 1044 2154 quos
1070 2113 1234 2144 relevatos
1253 2123 1326 2143 esse
1345 2112 1491 2142 sentitis?
1532 2110 1645 2142 sedne
1665 2114 1806 2141 vestram

156 2167 314 2198 laetitiam
347 2167 452 2208 longis
482 2166 785 2209 praelocutionibus
817 2165 1019 2200 differamus,
1055 2165 1129 2206 quia
1158 2165 1313 2195 bonarum
1345 2174 1451 2194 rerum
1483 2163 1652 2194 celerrima
1681 2172 1808 2203 semper
1846 2175 1850 2183 ’

158 2219 361 2250 desideratur
390 2219 526 2260 agnitio,
558 2218 781 2260 gloriosissimi
814 2217 934 2248 domini
967 2217 1104 2248 devotae
1129 2215 1281 2257 Liguriae
1314 2215 1568 2246 necessitatibus
1601 2214 1807 2245 consulentes

262 2332 532 2364 BZXKE(F):HGI
549 2341 599 2356 nun
618 2332 710 2356 liabent
730 2332 777 2355 nisi
795 2330 810 2355 4
830 2331 890 2355 urbs
910 2331 941 2355 ad
961 2333 1057 2354 tautam
1077 2343 1109 2346 —-
1129 2329 1144 2353 ι’)
1164 2330 1280 2353 uideatur
1299 2333 1321 2353 et
1339 2328 1370 2352 27
1391 2337 1496 2352 anwena
1517 2341 1547 2344 *-
1568 2328 1601 2351 ’λδ
1620 2332 1774 2351 consuerunt

262 2401 278 2426 ἱ).
296 2406 334 2426 est
351 2401 426 2433 enim]
446 2403 538 2426 etenim
561 2401 586 2425 Jx'
697 2401 712 2423 3
731 2399 788 2432 lavi]
809 2400 855 2423 loci
878 2399 917 2423 13²
988 2400 1106 2423 uas-tuate
1126 2399 1165 2422 Β2
1270 2397 1286 2422 4
1306 2402 1404 2422 tantum
1425 2397 1495 2421 E¹l³
1562 2397 1732 2429 pulcritudine
1753 2396 1809 2424 EF,

160 2446 330 2470 fortitudinem
351 2445 545 2478 pulcritudinem
566 2444 617 2468 HG
699 2444 845 2476 producitur
866 2443 925 2471 HG,
945 2443 1093 2475 prouehitur
1113 2442 1160 2469 IW,
1180 2442 1310 2474 perueniat
1335 2441 1364 2464 ll'
1477 2440 1492 2463 ι’)
1511 2441 1593 2464 cultra
1614 2440 1638 2463 l:
1750 2439 1765 2463 ⁴1·
1785 2444 1808 2463 et

160 2498 207 2514 0⁷11.
229 2489 277 2512 ΚΑ
367 2488 548 2513 uenationibus
568 2487 620 2511 EF
705 2487 871 2518 indulgentur
891 2486 918 2509 Κ
1038 2484 1052 2509 ’ἶ
1072 2486 1195 2510 militibus
1214 2485 1254 2509 B¹
1343 2485 1451 2508 amenite
1472 2483 1500 2507 X
1616 2484 1631 2507 b·
1650 2483 1747 2515 ropiam
1771 2483 1808 2506 Ει

159 2531 175 2556 9
194 2531 303 2564 comum]
324 2541 398 2556 cumo
411 2531 443 2557 B.
462 2540 533 2555 como
546 2531 637 2562 ¹reliqlti
694 2528 794 2560 nomen]
814 2538 864 2553 11011
876 2529 916 2553 B¹
1012 2529 1040 2553 ll
1061 2537 1166 2561 spumea
1183 2528 1221 2552 Ε1
1281 2527 1365 2559 quem]
1386 2536 1435 2558 que
1453 2526 1478 2550 l<
1566 2526 1596 2550 12
1617 2525 1807 2558 praetoriorum]

161 2575 384 2607 praetaeorimrum
404 2575 437 2602 X,
455 2580 600 2607 praetorum
620 2573 673 2597 EF
747 2572 877 2596 liminibus
896 2571 949 2596 EF
1058 2571 1089 2596 13
1108 2572 1208 2604 singulo
1233 2571 1256 2595 l<
1324 2571 1381 2595 siln.
1403 2570 1462 2602 pall.
1482 2569 1510 2593 X
1613 2568 1643 2593 15
1662 2569 1765 2601 capellis
1785 2569 1813 2592 X

212 2616 281 2649 hinc]
301 2618 361 2642 huic-
381 2619 403 2642 A
504 2617 534 2642 16
552 2615 647 2648 aream]
668 2616 768 2643 (limera
789 2615 842 2639 EF
938 2613 968 2638 1Ῐ
989 2615 1065 2639 tluins
1079 2615 1103 2638 Β
1202 2615 1232 2638 18
1251 2614 1381 2645 acquisitis
1395 2614 1416 2637 A
1483 2611 1637 2643 deuoluitur]
1654 2612 1712 2641 ΚΛ,
1730 2612 1809 2636 diuel-

163 2661 231 2685 uitur
243 2660 371 2685 BZXEF
454 2660 488 2685 ‘20
507 2661 574 2684 albei
587 2660 611 2684 Β
664 2657 802 2690 quandam]
818 2658 939 2685 lx'2l:'².l,
956 2659 1080 2690 quondam
1093 2657 1283 2682 BZA’K1E11·'
1334 2656 1435 2688 lineam}
1448 2656 1548 2685 Elv'ffil,
1561 2657 1655 2680 lineum
1667 2655 1809 2679 BZXKN

213 2705 333 2728 fusiorem
346 2704 400 2728 EF
484 2703 514 2728 21
535 2702 611 2735 quae]
631 2704 697 2727 circa
718 2710 793 2733 quem
807 2701 848 2726 Βι
936 2700 969 2725 *22
988 2700 1098 2733 quidem]
1118 2710 1219 2733 quoque
1235 2701 1286 2725 EF
1369 2699 1402 2724 ‘23
1421 2700 1558 2732 corrumpti
1573 2699 1596 2722 Β
1683 2698 1716 2722 25
1734 2699 1809 2722 celer-

162 2748 223 2772 rime
237 2748 260 2771 A
356 2746 389 2771 '26
408 2755 485 2779 quani
499 2747 523 2770 Β
611 2744 643 2770 27
663 2746 761 2769 misceri
775 2745 826 2769 EF
875 2743 985 2776 qnando]
1005 2745 1125 2776 quoniam
1140 2745 1161 2768 ,1
1256 2743 1289 2768 25
1308 2742 1361 2775 qui]
1382 2752 1447 2775 quae
1462 2743 1490 2766 ΙΙ
1541 2742 1643 2766 deleciis·
1656 2742 1694 2765 Βι
1753 2749 1810 2765 cun-

163 2794 303 2815 sueuerunt
316 2790 444 2815 KEFGA
544 2789 576 2813 29
596 2790 708 2813 exaltare
723 2789 750 2813 Γ
841 2787 876 2812 30
894 2786 1078 2819 munificentia]
1092 2787 1248 2811 BUOEFA.
1267 2796 1280 2811 e
1294 2786 1465 2810 munificentia
1482 2786 1503 2809 l:
1513 2785 1551 2810 ¹2.
1570 2784 1747 2808 munificencia
1760 2791 1772 2807 e
1786 2782 1814 2806 X

163 2833 196 2858 33
214 2834 245 2859 de
263 2843 310 2858 um.
331 2833 383 2858 EF
483 2832 516 2857 36
535 2833 699 2858 nes-sitatibus
719 2832 742 2856 Z

1823 748 1845 764 111

1825 1268 1848 1283 2¹0

1863 482 1881 510 [Φ
