2279 3261
452 187 509 216 150
1170 180 1381 207 CASSIODORI

449 271 557 311 itaque
582 270 639 300 viri
665 268 797 299 illustris
823 270 854 297 et
877 266 1074 297 Amandiani
1098 267 1158 297 viri
1188 267 1356 297 clarissimi
1385 266 1524 297 heredes
1554 267 1692 308 supplici
1722 267 1815 298 nobis
1847 267 1987 298 aditione
2018 278 2092 298 con-

450 322 553 363 questi
578 324 650 351 sunt
675 319 910 350 Pallentianam
935 328 1091 355 massam,
1125 328 1219 359 quam
1245 319 1291 349 eis
1316 329 1372 359 pro
1398 318 1661 358 compensatione
1686 319 1818 360 largitas
1848 322 1959 349 nostra
1988 322 2093 350 trans-

448 373 588 404 fuderat.
620 376 654 401 ut
686 380 778 401 casae
808 370 987 401 Arbitanae
1020 371 1227 401 amissionem
1262 370 1322 401 hac
1354 369 1584 400 commoditate
1617 371 1809 409 solarentur,
1842 371 1881 402 ab
1912 371 2095 402 hominibus

449 424 565 454 vestris
598 423 692 453 nullis
722 423 827 453 causis
859 421 1047 453 extantibus
1079 421 1269 452 indecenter
1298 421 1441 452 invasam
1471 424 1503 451 et
1531 421 1605 452 inde
1636 422 1777 452 crevisse
1809 422 1990 464 culpandae
2023 433 2092 453 sur-

367 479 373 504 :
418 476 601 516 r=1·epti011is
632 474 758 505 vitium.
791 473 875 504 unde
905 473 974 504 dari
1005 473 1116 505 debuit
1144 474 1305 515 gloriosae
1336 473 1567 504 moderationis
1593 475 1787 516 exemplum.
1835 474 2039 517 Quapropter
2069 477 2095 507 si

405 740 428 757 10

405 1183 428 1199 15

405 1441 429 1458 20

406 1878 428 1896 25

406 2136 430 2154 30

447 528 534 557 nullo
560 526 726 557 mendacio
752 529 875 556 asserta
899 526 1062 560 vitiantur,
1092 525 1280 566 magnitudo
1304 529 1413 556 vestra
1438 536 1521 566 quae
1551 529 1625 556 sunt
1654 526 1764 556 ablata
1791 527 1956 557 restituat:
1989 531 2035 563 et,
2068 528 2094 558 si

447 578 521 619 quid
546 577 635 608 vobis
661 577 789 607 creditis
814 587 910 618 posse
936 580 1134 618 competere,
1167 577 1207 607 ad
1232 577 1419 608 comitatum
1443 581 1589 607 nostrum
1614 577 1804 607 instructam
1827 578 1897 608 iure
1923 588 2095 619 personam

447 629 547 659 modis
573 628 722 659 omnibus
748 628 919 662 destinate,
945 632 979 659 ut
1004 629 1142 659 civiliter
1165 629 1311 670 plantata
1335 629 1480 659 causatio
1505 629 1602 660 finem
1627 629 1666 660 de
1692 629 1820 670 legibus
1846 630 2005 660 sortiatur.
2050 630 2094 660 ibi

448 681 531 712 enim
562 680 712 722 quicquid
744 680 882 720 geritur,
914 680 1056 711 invidiae
1088 683 1163 711 tuae
1195 680 1304 721 potius
1336 680 1518 721 applicatur
1550 683 1582 710 et
1613 681 1736 711 maiora
1767 680 1962 711 detrimenta
1990 681 2096 711 famae

447 732 597 773 suscipis,
628 731 703 762 dum
733 732 812 762 talia
840 742 903 762 non
929 732 1030 763 vitare
1056 732 1240 763 contendis:
1274 731 1325 762 hic
1350 735 1458 762 autem
1484 732 1660 773 confligunt
1683 742 1800 763 causae
1825 732 1946 763 viribus
1971 733 2038 763 suis
2063 736 2096 763 et

448 786 516 816 sine
541 784 750 825 derogatione
776 784 913 825 quilibet
936 783 1109 815 mediocris
1135 783 1303 819 addicitur,
1329 783 1455 824 quando
1480 784 1605 815 iustitia
1629 787 1714 815 teste
1741 787 1922 825 superatur.

1226 930 1321 961 XIII.

752 998 980 1032 EUTROPIO
1004 999 1061 1030 ET
1086 998 1318 1031 AGROECIO
1343 998 1663 1031 THEODERICUS
1688 999 1790 1031 REX.
1919 1017 2097 1059 a.523s526

551 1070 700 1102 Studium
725 1073 868 1102 vestrum
893 1070 940 1100 rei
964 1069 1113 1111 publicae
1139 1072 1231 1110 grata
1254 1072 1362 1100 mente
1381 1069 1506 1100 debetis
1523 1068 1721 1110 impendere,
1747 1069 1822 1110 quia
1840 1079 1897 1100 nos
1915 1069 2096 1110 agnovistis

449 1123 531 1154 bene
564 1123 687 1154 meritis
721 1123 822 1153 multa
853 1125 1031 1164 praestare.
1084 1132 1158 1152 nam
1190 1122 1320 1163 pietatis
1353 1121 1471 1151 intuitu
1500 1120 1759 1151 vicissitudinem
1791 1120 1992 1162 pollicemur,
2025 1131 2097 1151 cum

448 1178 557 1205 tamen
588 1185 646 1215 pro
676 1174 767 1205 vobis
792 1174 899 1204 omnia
924 1173 1106 1204 iubeamus,
1153 1177 1250 1214 atque
1276 1172 1348 1204 ideo
1372 1172 1539 1214 praesenti
1563 1171 1706 1202 iussione
1731 1182 1786 1202 vos
1811 1172 2004 1202 credidimus
2029 1183 2096 1203 am-

447 1226 641 1263 monendos,
681 1229 716 1256 ut
750 1236 895 1257 annonas
932 1226 1125 1256 constitutas
1162 1225 1319 1256 exercitui
1359 1224 1516 1266 praebere
1555 1223 1716 1257 debeatis,
1756 1227 1916 1264 quatenus
1955 1233 2013 1254 nec
2052 1224 2098 1255 illi

448 1278 665 1319 neglegantur
688 1278 825 1309 adverso
851 1280 924 1307 voto
948 1287 1008 1308 nec
1037 1277 1251 1318 provinciales
1281 1276 1464 1318 perniciosa
1494 1275 1613 1306 debeat
1641 1285 1778 1316 gravare
1807 1275 1955 1316 direptio.
2003 1274 2097 1306 Com—

447 1329 573 1361 modius
604 1330 689 1361 enim
718 1329 777 1360 snb
810 1338 1028 1370 expensarum
1058 1329 1131 1369 lege
1159 1331 1289 1359 tenetur
1319 1328 1497 1365 exercitus,
1529 1338 1623 1368 quam
1656 1327 1682 1357 si
1708 1330 1824 1357 cuncta
1848 1326 1945 1357 fuerit
1969 1330 2098 1358 vastare

447 1382 631 1423 permissus.
683 1382 811 1422 ignorat
842 1380 971 1411 modum
1009 1391 1139 1411 servare
1175 1380 1396 1421 praesumptio
1431 1390 1490 1410 nec
1524 1383 1633 1421 potest
1669 1379 1728 1410 sub
1764 1378 1857 1409 modo
1894 1378 2011 1420 redigi,
2048 1379 2098 1410 cui

448 1434 577 1464 licentia
607 1433 704 1464 fuerit
736 1433 804 1463 visa
835 1432 978 1463 concedi.
1027 1435 1225 1474 quapropter
1250 1437 1469 1473 consequatur
1496 1431 1660 1462 exercitus
1685 1431 1872 1461 alimoniam
1897 1429 2097 1472 deputatam,

448 1495 487 1515 ne
512 1495 575 1526 qua
598 1495 672 1526 pars
697 1484 897 1526 praedictam
922 1484 1026 1525 possit
1051 1484 1212 1514 sustinere
1237 1483 1431 1514 molestiam.

1220 1629 1333 1660 XIIII.

868 1698 1093 1730 SEVERINO
1116 1692 1159 1729 v·
1177 1692 1206 1728 T·
1232 1696 1554 1729 THEODERious
1579 1696 1681 1727 REX.
1917 1724 1945 1744 a.
1964 1714 2100 1753 523s526

550 1769 698 1799 Iustitiae
733 1769 815 1799 ratio
852 1767 1028 1809 persuadet
1063 1767 1262 1799 excedentes
1300 1767 1493 1808 reprimere,
1532 1769 1566 1796 ut
1601 1765 1641 1796 ad
1677 1768 1808 1796 cunctos
1844 1766 1947 1806 possit
1982 1766 2099 1807 quietis

449 1820 592 1851 suavitas
616 1820 796 1861 pervenire.
843 1830 917 1850 nam
942 1818 1212 1860 quemadmodum
1236 1817 1451 1859 aequabilitas
1476 1817 1592 1858 agitur,
1623 1817 1648 1847 si
1672 1817 1757 1847 vires
1781 1816 1991 1847 mediocrium
2022 1827 2098 1847 con-

450 1883 583 1913 surgere
618 1882 681 1902 non
714 1872 878 1902 sinantur?
931 1870 1177 1912 provincialium
1208 1871 1316 1911 itaque
1350 1872 1534 1899 nostrorum
1569 1869 1697 1909 saepius
1729 1869 1861 1909 querela
1886 1868 2099 1910 comperimus

449 1934 653 1965 possessores
688 1923 822 1954 idoneos
856 1922 973 1954 Saviae
1009 1933 1073 1953 non
1110 1923 1213 1953 solum
1250 1931 1398 1952 casarum
1434 1931 1565 1951 suarum
1598 1920 1800 1951 tributariam
1833 1920 2032 1950 functionem
2066 1920 2099 1950 in

448 1978 578 2005 tenuem
619 1975 760 2005 relisisse
800 1974 978 2013 fortunam,
1018 1984 1128 2005 verum
1164 1974 1262 2005 etiam
1298 1973 1458 2004 scelerato
1494 1972 1686 2003 commercio
1723 1971 1845 2012 aliquid
1880 1971 1998 2002 exinde
2033 1972 2099 2002 suis

448 2027 611 2067 applicare
644 2025 860 2067 compendiis,
895 2029 930 2056 ut
962 2026 1082 2056 functio
1114 2025 1246 2068 publica
1276 2023 1488 2055 commoditas
1520 2024 1561 2054 sit
1593 2023 1728 2065 privata.
1775 2023 1847 2053 Hoc
1880 2022 2010 2064 quidem
2040 2033 2099 2064 per

449 2078 604 2119 plurimos
630 2077 883 2108 desideravimus
909 2077 1036 2118 corrigi,
1062 2077 1120 2108 sed
1147 2077 1305 2108 hactenus
1331 2077 1363 2106 in
1388 2079 1476 2106 tuam
1500 2075 1628 2107 laudem
1653 2075 1780 2106 videtur
1802 2075 1948 2116 potuisse
1967 2074 2098 2113 differri,

450 2132 609 2170 quatenus
639 2129 718 2160 fides
749 2129 923 2160 haberetur
951 2129 1125 2170 acceptior,
1155 2128 1283 2170 quando
1312 2131 1385 2170 post
1409 2127 1528 2158 multos
1553 2127 1764 2169 neglegentes
1789 2126 1931 2157 studium
1956 2128 2099 2156 vestrum

449 2180 672 2211 efficacissime
695 2180 921 2222 comprobatis.
960 2184 1057 2222 atque
1083 2180 1154 2212 ideo
1179 2180 1362 2222 prudentia,
1387 2189 1450 2220 qua
1474 2182 1569 2210 notus
1595 2190 1640 2216 es,
1664 2179 1851 2209 universum
1875 2187 2098 2219 possessorem

450 2232 651 2263 considerata
680 2233 802 2264 iustitia
832 2236 862 2263 te
887 2233 1035 2264 iubemus
1060 2234 1221 2276 inspicere
1247 2236 1279 2264 et
1303 2232 1532 2274 aequalitatem
1558 2231 1669 2262 tributi
1694 2230 1753 2260 hac
1778 2229 1904 2260 ratione
1928 2228 2098 2268 moderari,

551 2353 778 2385 mepsnfflffl

552 2431 565 2455 1
584 2431 719 2455 aditicione
740 2431 787 2457 Pa.
806 2432 947 2457 adiectione
968 2432 1007 2455 ΑΥ
1112 2430 1128 2455 2
1148 2429 1342 2463 pallentianam]
1363 2429 1447 2459 LRD,
1466 2429 1645 2461 palencianam
1659 2428 1693 2458 Is,
1712 2427 1886 2460 palentianam
1899 2426 1984 2453 EFA.
2005 2426 2099 2458 pallen-

448 2475 545 2499 oianam
559 2475 584 2498 P
680 2473 696 2498 3
715 2475 850 2499 amissione
865 2475 889 2498 Il'
988 2474 1004 2499 4
1023 2483 1090 2499 caus.
1111 2475 1173 2499 null.
1189 2475 1217 2498 K
1277 2472 1434 2505 extantibus]
1450 2472 1584 2497 PDEFA,
1605 2471 1774 2496 excitantibus
1788 2469 1867 2493 LRK
1962 2468 1978 2492 5
1996 2466 2098 2500 uitium]

448 2518 548 2542 initium
567 2517 624 2547 ΡΙ),
649 2518 753 2541 inicium
776 2518 809 2542 al.
834 2518 928 2542 uicium
949 2519 989 2542 A¹⁴
1069 2519 1116 2542 nde
1136 2517 1161 2541 P
1236 2517 1413 2542 moderationis
1432 2516 1473 2540 Rs*
1590 2514 1622 2539 lO
1646 2511 1753 2544 uiribus]
1773 2512 1854 2542 LRP,
1881 2512 1980 2536 iuribus
2000 2510 2099 2539 REM,

449 2565 579 2591 utrumque
599 2560 646 2592 lessi
661 2564 742 2591 potest
756 2560 851 2584 DFA¹⁴
945 2561 973 2585 11
989 2562 1105 2593 fortasse
1124 2569 1171 2585 scr.
1191 2561 1309 2585 mediocri
1403 2558 1435 2583 14
1455 2559 1549 2583 meritis
1569 2558 1632 2581 bene
1652 2560 1710 2587 (pom.
1725 2556 1815 2583 multa)
1829 2554 1879 2579 ΡΙ)
1973 2554 2004 2578 15
2022 2554 2100 2578 credi-

448 2612 504 2627 mus
518 2602 599 2626 KEF
688 2601 718 2626 17
739 2602 916 2635 neglegantur]
938 2604 1112 2635 intelligantur
1124 2603 1179 2628 EF
1269 2602 1299 2627 18
1319 2606 1411 2627 tetetur
1424 2602 1465 2626 La
1557 2600 1591 2625 “20
1609 2598 1675 2632 uisa]
1696 2600 1765 2624 iussa
1778 2598 1819 2622 Ε1
1906 2596 1940 2621 ’23
1958 2601 2045 2621 cuctos
2058 2597 2100 2621 La

500 2646 597 2677 quietas
612 2645 660 2671 IN,
679 2646 778 2677 quietos
792 2646 818 2669 I?
901 2645 934 2670 24
953 2647 1078 2678 equalitas
1092 2647 1132 2671 Ε2
1186 2650 1276 2678 agetur
1294 2644 1411 2669 Trossius
1467 2645 1620 2669 mediocrum
1634 2642 1776 2667 PDEFi-lr
1858 2640 1891 2665 Ξῖ)
1910 2641 2044 2672 signantur
2056 2639 2100 2664 Ka

446 2688 479 2713 ‘26
499 2689 604 2713 sauuiae
618 2688 651 2715 D.
670 2689 776 2712 suaniae
792 2689 914 2720 plerique,
934 2691 1039 2714 sueuiae
1054 2689 1094 2713 Ε2
1157 2697 1292 2713 causarum
1306 2686 1444 2720 EF¹[>?],-t
1511 2688 1536 2711 in
1555 2696 1602 2711 om.
1617 2686 1658 2710 Pa
1758 2683 1790 2708 ⁴27
1811 2682 1929 2715 relisisse]
1950 2683 2058 2707 resilisse
2072 2680 2101 2706 F

447 2737 469 2756 et
484 2733 611 2762 Guiacius,
629 2732 750 2763 redigisse
769 2731 813 2755 K²
883 2732 944 2764 suis]
965 2734 1017 2757 suis
1037 2734 1115 2765 possit
1128 2733 1168 2756 Ar
1182 2732 1271 2761 Foru„
1296 2733 1348 2755 suis
1368 2731 1461 2763 passim
1479 2730 1541 2754 Gar.
1646 2727 1679 2752 28
1698 2728 1827 2760 applicare
1846 2724 2009 2758 compendiis]
2030 2725 2097 2749 utili-

447 2775 542 2799 tatibus
562 2775 690 2807 applicare
706 2773 735 2798 F
787 2774 843 2806 hoe]
864 2775 905 2799 hio
918 2776 959 2799 Pa
1046 2775 1080 2800 30
1099 2776 1224 2808 acceptior
1243 2784 1265 2807 q.
1285 2784 1307 2808 p.
1327 2784 1359 2799 m.
1380 2775 1542 2807 neglegentes
1562 2772 1704 2804 (neglectus
1718 2769 1777 2802 ΑΘΗ
1797 2774 1853 2803 post
1871 2778 1903 2794 m.
1917 2769 1984 2801 negl.
1998 2768 2098 2800 quando

447 2822 580 2850 acceptum
601 2816 656 2848 1³¹,
680 2818 807 2850 acceptior
826 2819 926 2850 quando
946 2827 969 2851 p.
990 2828 1022 2843 m.
1041 2819 1108 2851 negl.
1128 2822 1262 2851 acceptum
1283 2816 1329 2842 Γ2
1432 2816 1463 2842 31
1485 2815 1644 2848 prouidentia
1663 2812 1693 2838 F
1793 2812 1827 2837 32
1846 2812 2053 2844 aequabilitatem
2073 2810 2096 2834 A
