2279 3261
773 189 966 215 VARIAitVM
990 189 1020 218 V,
1040 190 1080 215 15.
1105 190 1140 215 113.
1164 190 1201 215 17.
1755 192 1811 220 153

159 276 298 308 dominis
323 279 497 313 exuuntur,
523 276 652 317 quando
677 276 835 307 libertatis
859 287 962 317 genus
985 279 1036 307 est
1059 277 1180 308 servire
1204 278 1320 308 rectori
1347 277 1547 318 (frequenter
1564 276 1649 307 enim
1668 277 1813 307 laborum

158 329 321 371 patientes
347 328 506 366 existunt,
537 328 654 369 quibus
679 328 818 359 districti
842 327 963 358 domini
988 329 1072 359 eolla
1096 330 1314 370 presserunt):
1350 329 1393 359 ita
1418 332 1542 364 tamen,
1574 331 1608 358 ut
1633 328 1808 369 supradicti

159 384 279 412 nautae
315 390 460 411 arrarum
496 380 625 411 nomine
661 391 718 422 pro
754 379 919 410 hominum
956 380 1111 421 qualitate
1147 381 1241 411 binos
1275 384 1330 412 aut
1362 384 1472 411 ternos
1505 379 1625 410 solidos
1658 391 1677 411 a
1708 383 1812 410 vestra

159 433 301 464 debcant
325 431 403 464 sede
427 433 609 474 percipere,
641 435 801 474 quatenus
826 432 1058 473 unusquisque,
1084 442 1156 463 eum
1181 432 1278 463 fuerit
1302 432 1507 469 ammonitus,
1538 434 1669 474 paratus
1693 431 1813 462 debeat

159 485 308 516 inveniri.
360 484 542 526 piscatores
574 494 651 515 vcro
685 494 748 514 non
781 484 931 515 iubemus
966 484 998 514 in
1034 483 1096 515 hac
1132 484 1318 515 definitione
1356 484 1520 519 concludi,
1557 484 1631 525 quia
1666 484 1815 515 dolenter
1845 491 1856 507 3

160 537 326 576 amittitur,
362 537 415 578 qui
447 536 485 567 ad
519 536 739 578 procurandas
771 536 906 567 delicias
940 535 1134 577 possidetur,
1172 536 1300 576 quando
1334 539 1365 566 ct
1395 536 1498 566 altera
1530 536 1731 567 consuetudo
1766 538 1814 567 est

160 589 266 620 ventis
292 588 514 620 saevientibus
541 599 711 620 occurrere
736 591 767 619 et
792 588 888 619 litora
912 588 1041 629 piscosa
1065 588 1202 619 sulcare.

939 758 1049 790 XVII.

549 827 848 860 ABUNDANTIO
873 828 958 859 PPO
983 827 1305 860 THEODERICUS
1331 827 1433 859 REX.

1401 890 1430 910 (ι.
1446 880 1584 917 5231352ίί
1600 881 1674 910 (ante
1690 879 1763 909 Iun.
1780 881 1819 909 13

264 934 428 966 Alacriter
459 932 711 965 incumbendum
743 935 793 963 est
825 933 1001 969 incohatis,
1039 943 1111 963 cum
1147 932 1211 963 iam
1243 932 1391 962 vicinitas
1425 931 1632 973 perfeetionis
1664 931 1816 966 arriserit,

163 986 292 1029 quando
319 996 394 1028 spes
418 986 554 1017 effeetus
579 984 723 1016 taedium
749 985 870 1016 laboris
900 984 1045 1015 excludit
1074 987 1107 1016 et
1134 995 1286 1025 magnum
1318 994 1420 1025 genus
1451 983 1654 1014 incitamenti
1684 983 1817 1014 eredere

160 1038 347 1070 desiderata
376 1037 542 1080 compleri.
596 1036 717 1068 dudum
748 1037 846 1078 igitur
881 1036 1098 1077 magnitudini
1133 1039 1261 1067 vestrae
1298 1046 1339 1066 ex
1373 1035 1490 1066 Italiae
1526 1035 1675 1066 litoribus
1711 1035 1819 1066 officia

162 1091 316 1123 iussimus
340 1100 537 1133 praeparare
562 1092 744 1128 nautarum,
769 1092 804 1120 ut
829 1088 1013 1127 dromones,
1038 1099 1119 1130 quos
1144 1088 1304 1119 industria
1328 1087 1486 1118 fabricare
1512 1087 1678 1121 valuisset,
1703 1098 1818 1118 manus

163 1144 320 1185 remigum
345 1143 474 1184 provisa
498 1141 690 1183 susciperet.
738 1141 795 1172 sed
821 1144 854 1172 tu
879 1141 998 1172 iudicio
1024 1145 1135 1172 nostro
1160 1141 1376 1182 electionique
1410 1139 1610 1182 respondens
1639 1139 1819 1178 ostendisti,

163 1206 259 1238 quam
287 1195 385 1226 fuerit
414 1193 595 1225 indubitata
625 1193 782 1235 perfectio
813 1193 1049 1224 efficacissimis
1081 1193 1276 1234 imperasse,
1309 1192 1393 1233 quod
1428 1192 1602 1233 quaeritur.
1652 1192 1820 1223 renuntias

163 1248 238 1279 ilico
263 1247 471 1288 completum,
497 1245 581 1288 quod
607 1246 661 1276 vix
688 1244 776 1276 credi
801 1248 927 1287 poterat
949 1245 1146 1281 incohatum,
1172 1247 1206 1275 ut
1224 1255 1329 1286 paene
1348 1247 1468 1286 quanta
1486 1244 1658 1274 velocitate
1675 1244 1821 1285 navigari

164 1300 249 1331 solet
266 1299 462 1331 constructio
479 1298 621 1336 navium,
647 1301 739 1329 tanta
759 1297 800 1328 sit
825 1297 995 1328 celeritate
1022 1297 1191 1339 completa.
1232 1296 1301 1327 Nec
1328 1296 1431 1327 solnm
1457 1296 1557 1327 verba
1581 1298 1710 1326 narrata
1735 1298 1821 1326 sunt:

166 1351 312 1386 obtulisti
337 1351 439 1382 oculis
464 1351 582 1382 nostris
608 1350 715 1381 subito
741 1350 900 1380 classeam
918 1350 1044 1385 silvam,
1070 1349 1183 1380 (1011105
1201 1348 1369 1390 aquatiles,
1395 1348 1614 1379 exercituales
1632 1347 1742 1389 pedes,
1768 1347 1823 1388 qui

166 1404 254 1436 nullo
280 1403 392 1434 labore
419 1403 583 1439 deficiant,
614 1402 671 1434 sed
696 1403 905 1433 inconcussos
931 1401 1077 1432 homines
1102 1401 1141 1431 ad
1166 1400 1330 1431 destinata
1353 1399 1544 1442 perducant,
1575 1400 1705 1430 trireme
1729 1399 1822 1430 vehi-

164 1456 272 1487 culum
296 1466 458 1487 remorum
484 1458 610 1485 tantum
635 1464 806 1485 numerum
831 1453 982 1496 prodens,
1013 1453 1069 1484 sed
1093 1453 1257 1484 hominum
1281 1453 1382 1484 facies
1408 1452 1582 1493 diligenter
1606 1451 1820 1483 abscondens.

164 1508 226 1540 hoe
256 1508 396 1550 primum
425 1507 604 1538 instituisse
636 1506 775 1547 legimus
806 1506 1024 1547 Argonautas.
1075 1505 1161 1547 quod
1193 1508 1225 1536 et
1260 1505 1393 1535 armatis
1430 1507 1540 1546 aptum
1577 1507 1609 1535 et
1644 1514 1821 1545 congruum
1841 1512 1851 1528 2

166 1559 323 1602 probatur
347 1570 420 1591 esse
445 1559 663 1597 commerciis,
695 1561 744 1593 ut,
774 1558 828 1599 qui
853 1558 1042 1599 peregrinas
1068 1558 1189 1588 classes
1216 1556 1409 1598 optabamus
1441 1556 1604 1598 aspicere,
1636 1566 1720 1586 nunc
1749 1556 1821 1586 mit-

166 1616 272 1643 tamus
302 1612 373 1643 aliis
403 1611 578 1653 provinciis
610 1614 643 1641 et
666 1613 823 1641 terrorem
848 1610 971 1651 pariter
995 1612 1027 1641 et
1052 1609 1214 1640 decorem.
1262 1608 1393 1639 Ornasti
1419 1618 1485 1639 rem
1510 1607 1672 1650 publicam
1696 1611 1752 1638 tua
1775 1608 1824 1638 in-

169 1664 335 1695 stitutione
361 1666 556 1706 reparatam.
602 1673 667 1693 non
692 1661 792 1693 habet
816 1661 902 1703 quod
926 1661 1017 1692 nobis
1043 1660 1190 1691 Graecus
1214 1661 1352 1702 imputet
1377 1663 1432 1691 aut
1450 1660 1531 1690 Afer
1554 1660 1698 1690 insultet.
1745 1659 1822 1690 illud

168 1715 255 1758 apud
284 1727 343 1747 nos
373 1715 472 1746 invidi
502 1715 613 1756 vigere
643 1714 837 1756 respiciunt,
868 1713 953 1744 unde
982 1713 1029 1743 illi
1059 1723 1117 1755 per
1146 1723 1265 1754 magna
1293 1712 1397 1754 pretia
1421 1722 1481 1742 sua
1505 1714 1580 1742 vota
1604 1710 1821 1752 complebant.

1838 991 1846 1007 l
1849 992 1861 1007 υ

1842 1251 1863 1268 15

166 1778 251 1799 11000
286 1767 462 1809 praedictis
497 1767 595 1798 rebus
629 1769 832 1797 armamenta
862 1768 1052 1807 procurate,
1087 1765 1159 1795 vela
1189 1764 1364 1806 praecipue
1397 1764 1465 1794 alas
1496 1764 1627 1794 navium
1660 1763 1822 1795 facientia,
1842 1768 1866 1787 23

166 1820 290 1861 lignum
319 1820 467 1859 volatile,
499 1819 632 1861 quidam
665 1818 796 1860 spiritus
827 1817 1026 1848 currentium
1055 1816 1253 1851 carinarum,
1284 1816 1477 1858 praenuntia
1501 1815 1672 1847 mercium.
1703 1815 1825 1845 auxilia

167 1872 277 1914 quieta
299 1875 482 1907 nautarum,
507 1881 641 1912 quorum
666 1870 825 1901 beneficio
850 1869 1022 1900 conficiunt
1046 1869 1151 1903 otiosi,
1178 1868 1263 1910 quod
1289 1879 1307 1898 a
1332 1868 1508 1899 celerrimis
1532 1867 1646 1898 avibus
1671 1867 1725 1897 vix
1749 1877 1823 1908 pro-

166 1924 262 1955 batur
285 1925 424 1966 impleri.
470 1924 542 1955 Hoc
566 1924 629 1955 Isis
655 1923 715 1954 rati
740 1923 843 1964 prima
868 1921 1051 1963 suspendit,
1083 1931 1154 1952 cum
1179 1932 1238 1962 per
1260 1920 1363 1951 maria
1386 1919 1579 1961 Harpocran
1603 1919 1702 1949 filium
1732 1929 1825 1949 suum

168 1976 283 2008 audaci
308 1976 430 2008 femina
453 1976 576 2018 pietate
600 1975 814 2017 perquireret.
862 1974 907 2004 ita
931 1973 1006 2004 dum
1030 1976 1178 2004 materna
1202 1973 1319 2004 caritas
1345 1983 1438 2002 suum
1468 1971 1663 2002 desiderium
1691 1971 1827 2001 festinat

170 2028 320 2070 explere,
350 2027 460 2059 mundi
484 2028 554 2059 visa
578 2030 627 2059 est
651 2027 763 2068 ignota,
787 2036 943 2057 reserare.
991 2029 1087 2067 atque
1111 2025 1199 2063 ideo,
1230 2024 1336 2055 divino
1360 2024 1453 2054 nobis
1479 2023 1600 2054 auxilio
1626 2023 1825 2063 suffragante

170 2080 261 2111 cuius
290 2080 419 2111 virtutis
452 2083 503 2111 est
534 2079 700 2110 hominum
730 2081 807 2109 vota
836 2077 1007 2119 perficere,
1042 2077 1188 2118 proximo
1220 2075 1271 2106 dic
1303 2075 1413 2106 iduum
1444 2074 1609 2105 Iuniarum
1641 2074 1680 2105 ad
1712 2074 1826 2105 urbem

168 2131 396 2163 Ravennatem
420 2131 630 2173 congregatio
654 2131 786 2161 navium
811 2133 928 2161 cuneta
953 2129 1138 2167 conveniat,
1169 2131 1329 2169 quatenus
1355 2138 1406 2158 res
1431 2126 1535 2157 vicino
1559 2126 1622 2157 fine
1646 2125 1827 2167 gaudentes

172 2183 213 2215 ad
237 2183 463 2226 plenissimum
487 2183 708 2226 perducantur
733 2182 896 2213 effectum.
939 2180 1002 2211 Sed
1028 2181 1181 2222 quoniam
1207 2180 1397 2211 dromonum
1423 2189 1592 2209 numerum
1617 2179 1748 2209 iuvante
1765 2178 1825 2209 (100

171 2236 317 2278 cupimus
346 2236 510 2276 ampliari,
542 2235 567 2266 si
597 2245 660 2277 qua
691 2235 780 2275 ligna
809 2233 939 2264 fabricis
970 2243 1083 2264 eorum
1111 2232 1299 2264 necessaria
1328 2242 1385 2273 per
1414 2234 1585 2272 utramque
1614 2230 1694 2261 Padi
1726 2231 1827 2272 ripam

276 2373 503 2406 LRKP(D)E(F)

278 2462 288 2485 l
310 2465 463 2486 exumentur
484 2461 536 2491 Ii'1,
559 2461 702 2484 cximcntur
723 2459 763 2483 Κ2
873 2457 888 2481 3
909 2462 1004 2481 nautae
1024 2465 1071 2481 0711.
1087 2456 1127 2480 H¹
1203 2456 1328 2487 arrarum}
1352 2465 1472 2481 curarum
1493 2457 1530 2480 ,10
1603 2457 1732 2480 huminum
1751 2454 1830 2487 qual]

172 2514 300 2530 armorum
324 2505 392 2537 qual.
417 2505 549 2529 huminum
571 2502 617 2527 F'ss
692 2501 747 2532 aut}
771 2502 812 2527 uel
834 2501 857 2525 l'
931 2502 1009 2525 trinws
1029 2500 1120 2524 ΚΕΛΓ
1193 2505 1277 2524 nostra
1299 2501 1321 2523 A
1427 2499 1442 2523 4
1467 2500 1577 2532 recipere
1600 2497 1628 2523 1¹*
1697 2508 1738 2523 1111.
1762 2497 1829 2528 cum]

173 2557 230 2573 cuin
255 2557 297 2572 uu.
322 2557 380 2572 cum
402 2545 432 2571 F
534 2547 550 2571 b*
569 2547 648 2571 ‹le-lias
673 2545 710 2569 Κ1
782 2544 815 2576 et]
841 2545 866 2568 in
890 2545 913 2568 lx·
1018 2543 1032 2567 Ῑ
1052 2543 1146 2575 uentis]
1172 2548 1196 2567 ct
1214 2552 1239 2567 u.
1260 2543 1286 2566 E
1389 2544 1404 2567 ξ’
1428 2542 1495 2575 spes]
1520 2552 1559 2567 res
1580 2542 1619 2565 Pa
1726 2541 1758 2565 10
1782 2542 1830 2565 inc.

172 2600 231 2623 geu.
251 2589 280 2615 F
401 2590 432 2614 1⁴2
455 2591 575 2615 iussionis
594 2590 618 2613 Γ
746 2588 777 2612 13
801 2592 886 2612 uestro
908 2587 934 2611 K
1062 2585 1092 2611 14
1116 2587 1239 2618 protectio
1258 2586 1282 2609 P
1374 2587 1532 2610 renunc-iaris
1553 2586 1585 2616 K,
1613 2585 1762 2609 renuntians
1785 2584 1835 2607 lit*

174 2634 206 2659 15
225 2635 282 2659 ilico
302 2644 348 2659 om„
363 2633 392 2658 F
479 2633 510 2658 16
529 2638 589 2658 sunt
608 2634 678 2657 uei-b.
698 2641 764 2657 narr.
780 2631 804 2655 li*
893 2629 923 2655 17
943 2630 1071 2655 obstulisti
1086 2630 1114 2653 K
1165 2630 1222 2654 snb.
1242 2637 1279 2654 oe.
1299 2633 1376 2654 nostr.
1393 2627 1422 2653 κ’
1473 2627 1574 2660 siluam]
1595 2637 1614 2652 s.
1635 2628 1764 2651 hominum
1778 2628 1831 2651 (¹125.

226 2679 364 2702 extituales
378 2678 406 2701 Κ
496 2676 530 2701 20
548 2677 691 2709 tii-genistas
706 2676 731 2699 E
821 2674 854 2698 22
873 2678 897 2698 ct
916 2672 1046 2705 terrorem]
1067 2678 1187 2698 terrorem
1201 2671 1231 2696 F
1286 2677 1355 2697 tuam
1370 2672 1398 2696 Κ
1406 2672 1412 2686 ¹
1503 2670 1535 2696 23
1554 2669 1706 2704 reparatam]
1722 2670 1832 2699 KPEA,

174 2724 292 2753 reparata
310 2720 416 2745 LRDF
507 2721 613 2752 imputet
633 2719 719 2744 0111.Ιί
846 2717 880 2742 24
899 2719 940 2742 ille
960 2718 1010 2742 ΡΙ)
1102 2718 1241 2749 implebant
1261 2717 1287 2741 Ji
1414 2716 1447 2741 :25
1466 2725 1602 2749 procurare
1622 2716 1651 2746 Ι),
1678 2724 1785 2747 procura
1807 2715 1830 2738 ,¹1

173 2763 206 2788 ‘205
229 2764 310 2788 linum
325 2764 362 2788 A&
479 2763 513 2788 28
536 2764 598 2788 ratis
614 2761 643 2787 F
723 2771 845 2795 arpocrati
866 2761 1001 2791 LRKI'D,
1025 2769 1158 2794 arpocram
1172 2761 1204 2791 E,
1229 2770 1345 2793 apoc-ram
1362 2759 1395 2791 F,
1420 2762 1549 2793 apochran
1564 2760 1610 2785 ΛΡ,
1635 2759 1831 2790 1111111001110111Γ

175 2806 210 2831 30
228 2808 321 2831 mundo
334 2807 436 2831 KEFA
485 2811 523 2831 est-
542 2816 589 2831 0111.
603 2807 643 2831 E¹
693 2814 805 2831 resecare
820 2805 843 2829 P
923 2804 954 2829 31
975 2805 1090 2837 proxima
1107 2805 1144 2828 110
1197 2805 1303 2828 inditum
1323 2805 1359 2829 [²²¹
1446 2804 1479 2829 32
1498 2806 1662 2828 reuennatem
1675 2801 1716 2825 La
1770 2810 1830 2825 nau.

176 2849 280 2882 cuncta]
300 2859 361 2875 nau⁴
375 2850 402 2874 Κ
410 2850 426 2881 ¹,
445 2856 538 2875 cuncta
557 2859 617 2875 nau.
632 2850 675 2874 Κ’·’
737 2848 786 2881 res]
807 2849 836 2873 dc
853 2849 905 2873 Cui.
1003 2847 1037 2873 33
1055 2848 1219 2872 (11011101100111
1235 2846 1286 2878 F²,
1306 2848 1352 2872 inc.
1369 2846 1412 2871 ΓΙ
1473 2844 1617 2877 numerum]
1639 2848 1752 2868 nostrum
1766 2843 1836 2868 E¹F

280 2896 468 2922 Csssmnoavs.
1647 2889 1680 2915 ⁵20

1845 2030 1869 2046 {w

1884 1297 1903 1325 Na
