2279 3261
363 371 381 399 25!

404 915 428 932 10

416 1964 440 1982 :to

445 183 462 211 5
466 183 484 211 4
1160 173 1373 199 missionem

443 268 596 307 reparent
626 263 788 294 orbitatis:
820 261 877 292 sed
901 270 976 291 mox
999 262 1034 290 ut
1057 260 1126 290 nati
1149 259 1300 291 fiduciam
1324 260 1445 291 habere
1470 261 1637 302 coeperint
1661 261 1862 298 ambulandi,
1891 261 1932 291 ad
1956 272 2087 303 campos

446 319 566 347 exeunt
591 326 661 346 cum
690 314 827 344 nutrice:
862 312 914 353 qui
937 314 973 342 ut
996 311 1116 342 fuerint
1145 314 1293 342 materna
1320 322 1398 343 voce
1429 312 1630 349 commoniti,
1660 322 1792 343 ovorum
1824 323 1953 344 suorum
1983 313 2089 354 potius

444 368 642 409 genetricem
671 368 799 406 petunt,
831 364 977 404 quamvis
1008 363 1048 394 ab
1079 363 1149 394 aliis
1181 363 1307 394 furtivis
1337 363 1456 394 fetibus
1487 363 1673 394 educentur.
1721 363 1805 399 Quid
1835 375 1911 405 ergo
1941 364 2088 395 homines

443 420 550 450 faeere
568 417 744 454 debebunt,
770 415 898 457 quando
915 415 998 445 hanc
1014 415 1169 457 pietatem
1189 417 1221 445 et
1245 415 1278 445 in
1301 415 1415 446 avibus
1440 415 1548 446 inesse
1574 418 1793 455 cognoscunt?
1833 415 2006 446 Romulum
2029 416 2090 446 ita-

445 481 516 511 que,
542 470 595 511 qui
618 468 695 499 facti
720 467 769 498 sui
792 467 971 498 acerbitate
994 467 1137 508 pollutus
1161 477 1280 497 nomen
1303 466 1414 497 foedat
1430 466 1623 505 Romanum,
1649 466 1690 497 ad
1706 469 1849 497 vestrum
1866 467 1962 498 facite
1980 467 2090 499 venire

444 521 611 552 iudicium:
644 522 676 550 et
700 519 726 549 si
751 529 824 550 eum
849 518 932 560 patri
956 528 1013 549 suo
1038 518 1178 548 Martino
1204 529 1316 549 manus
1341 518 1491 548 iniecisse
1517 518 1711 555 constiterit,
1740 518 1886 559 protinus
1910 519 2091 559 legitimam

445 573 565 604 sentiat
601 572 774 602 ultionem:
811 570 886 612 quia
919 570 992 601 ideo
1023 570 1181 611 elegimus
1216 580 1323 601 mores
1354 573 1495 607 vestros,
1531 569 1605 610 quia
1640 569 1824 600 crudelibus
1859 580 1992 611 parcere
2027 581 2091 601 non

444 625 594 667 potestis,
625 623 752 665 quando
781 633 884 663 genus
914 622 1045 663 pietatis
1076 625 1126 652 est
1155 622 1187 652 in
1218 622 1292 652 illos
1322 621 1530 661 distringere,
1563 621 1616 662 qui
1644 624 1754 652 contra
1782 624 1918 652 naturae
1948 621 2091 652 ordinem

446 676 612 707 sceleratis
637 686 671 706 se
696 675 853 706 docentur
877 674 1057 705 actionibus
1083 674 1263 704 miscuisse.

1233 836 1306 866 XV.

867 904 1100 935 VENANTIO
1120 897 1166 935 V·
1180 898 1214 934 T*
1233 887 1553 935 THEODER'IOUS
1578 904 1681 936 REX.
1915 933 1943 953 a·
1962 922 2097 963 507J511

550 974 779 1005 Providentiae
810 976 939 1003 nostrae
970 973 1050 1004 ratio
1081 976 1130 1004 est
1161 973 1193 1003 in
1228 976 1341 1004 tenera
1377 976 1484 1004 aetate
1520 974 1637 1004 merita
1671 973 1779 1004 futura
1813 977 1952 1005 tractare
1989 978 2021 1005 et
2056 985 2098 1005 ex

447 1030 615 1069 parentum
646 1025 819 1056 virtutibus
849 1025 949 1066 prolis
978 1024 1121 1055 iudicare
1152 1035 1338 1055 successus:
1369 1025 1445 1066 quia
1474 1025 1558 1055 bona
1587 1028 1676 1055 certa
1705 1028 1793 1063 sunt,
1825 1036 1907 1066 quae
1934 1025 2029 1057 fidem
2058 1027 2098 1058 ab

449 1078 584 1110 exordio
608 1078 749 1115 trahunt,
775 1077 850 1107 dum
875 1077 963 1118 origo
988 1076 1094 1108 nescit
1118 1076 1268 1112 deficere,
1300 1087 1383 1118 quae
1409 1077 1580 1107 consuevit
1603 1076 1756 1107 radicitus
1780 1077 1952 1118 pullulare.
1999 1078 2100 1110 fertur

449 1131 546 1161 etiam
565 1140 659 1160 cursu
676 1129 810 1171 perenni
828 1128 965 1160 fontium
983 1139 1066 1159 vena
1084 1129 1192 1159 vitalis
1211 1131 1243 1159 et
1260 1128 1343 1159 hanc
1361 1128 1582 1159 condicionem
1601 1129 1762 1159 sustinent
1784 1133 1901 1160 cuncta
1924 1131 2099 1169 manantia,

449 1185 483 1213 ut
508 1192 612 1223 sapor,
638 1181 691 1222 qui
716 1191 891 1212 concessus
917 1184 967 1211 est
991 1180 1117 1222 origini,
1144 1181 1206 1211 nisi
1229 1191 1287 1222 per
1311 1180 1493 1212 accidentia
1516 1180 1614 1211 fuerit
1637 1180 1776 1212 fortasse
1801 1181 1943 1221 vitiatus,
1976 1183 2101 1214 nesciat

450 1234 560 1265 rivulis
594 1233 761 1274 abnegari.
808 1232 892 1263 Hine
925 1236 987 1269 est,
1023 1232 1107 1273 quod
1142 1235 1174 1263 te
1209 1232 1374 1274 magnifici
1406 1232 1507 1274 patris
1539 1231 1663 1263 meritis
1695 1233 1901 1264 aestimatum
1932 1233 2101 1265 comitivae

450 1285 703 1316 domesticorum
720 1285 866 1315 vacantis
884 1284 1007 1315 honore
1025 1284 1243 1326 provehimus,
1267 1288 1302 1315 ut
1324 1284 1377 1325 qui
1401 1294 1435 1314 es
1460 1284 1567 1314 clarus
1593 1287 1774 1321 stemmate,
1799 1284 1971 1326 splendeas
1997 1285 2101 1327 digni-

450 1341 527 1368 tate.
574 1337 644 1378 quis
676 1337 761 1367 enim
793 1337 825 1367 in
855 1340 886 1367 te
918 1337 1063 1377 quamvis
1094 1336 1217 1375 futura,
1248 1339 1357 1367 tamen
1383 1338 1474 1367 certa
1498 1346 1562 1366 non
1587 1338 1714 1373 teneat,
1747 1335 1822 1366 dum
1846 1337 1978 1377 gloriosi
2002 1338 2102 1379 patris

450 1389 573 1419 recolat
608 1388 772 1419 officiosos
803 1388 953 1419 labores?
1008 1388 1062 1429 qui
1092 1388 1282 1430 prudentiae
1315 1388 1441 1419 ratione
1472 1388 1656 1418 flammatus
1690 1388 1736 1418 sic
1768 1388 1828 1418 fuit
1861 1388 1901 1419 ad
1934 1390 2104 1430 repentina

409 1448 419 1466 2·
454 1441 626 1476 sollicitus,
657 1440 748 1481 quasi
772 1451 831 1482 per
854 1450 977 1471 moram
1003 1439 1190 1471 crederetur
1214 1440 1402 1471 instructus.
1449 1439 1694 1470 Praefecturam
1719 1440 1818 1478 enim,
1849 1440 2103 1471 sollicitudinum

454 1492 595 1522 omnium
620 1492 856 1522 nobilissimum
880 1492 1018 1533 pondus,
1044 1491 1128 1533 quod
1154 1492 1204 1522 vel
1231 1492 1334 1522 solum
1358 1492 1476 1522 fuisset
1501 1491 1656 1533 expedire
1682 1491 1856 1529 laudabile,
1880 1493 1991 1523 iuncta
2010 1503 2103 1524 exer-

456 1545 537 1575 citus
562 1545 663 1575 nostri
688 1555 765 1575 cura
789 1544 957 1585 disposuit,
982 1547 1017 1574 ut
1040 1554 1099 1574 nec
1125 1544 1299 1585 provinciis
1325 1543 1482 1574 ordinatio
1507 1542 1638 1574 deesset
1661 1554 1721 1574 nec
1747 1544 1904 1574 exercitui
1922 1555 1956 1575 se
1973 1544 2106 1586 provida

454 1596 636 1627 sollicitudo
669 1596 885 1627 subtraheret.
939 1596 1103 1637 superavit
1136 1598 1252 1626 cuncta
1282 1595 1495 1636 infatigabilis
1531 1598 1563 1626 et
1599 1595 1752 1637 expedita
1785 1595 1971 1636 prudentia:
2007 1597 2106 1627 traxit

455 1659 560 1679 mores
578 1648 734 1679 barbaros
751 1648 790 1679 ad
808 1648 963 1689 quietem:
990 1648 1022 1677 in
1047 1650 1155 1678 votum
1180 1650 1326 1678 nostrum
1352 1651 1467 1678 cuncta
1491 1646 1677 1678 moderatus
1703 1650 1762 1685 est,
1787 1650 1822 1677 ut
1847 1647 1892 1677 sic
1917 1648 2106 1689 accipienti-

414 1706 433 1725 21
457 1699 518 1730 bus
544 1700 759 1735 satisfaceret,
784 1710 824 1730 ne
849 1699 964 1730 dantes
989 1700 1095 1729 locum
1121 1699 1330 1740 querimoniis
1356 1699 1549 1730 invenirent.
1588 1709 1700 1729 verum
1725 1702 1760 1729 ut
1784 1698 1822 1729 de
1840 1699 1987 1740 plurimis
2005 1710 2108 1741 pauca

457 1752 630 1789 sufficiant,
661 1752 811 1793 probavit
839 1752 879 1783 de
905 1763 939 1783 se
964 1755 1068 1789 tanta,
1099 1755 1134 1781 ut
1159 1751 1335 1792 eligeretur
1360 1752 1429 1781 eius
1455 1750 1660 1792 inexplorata
1683 1750 1867 1791 posteritas.
1914 1750 2004 1781 Inter
2028 1751 2108 1782 haec

457 1807 564 1834 tamen
596 1803 724 1844 generis
756 1805 963 1839 ornamenta,
1000 1803 1085 1844 quod
1116 1803 1293 1834 maximum
1325 1803 1564 1844 pulcherrimae
1599 1802 1776 1832 nobilitatis
1813 1801 1913 1833 decus
1949 1806 2012 1839 est,
2049 1813 2108 1833 nec

458 1858 583 1885 tuorum
601 1854 726 1895 indiges
744 1855 898 1896 suffragia
915 1855 1114 1886 meritorum.
1156 1855 1339 1885 litterarum
1358 1854 1518 1895 siquidem
1537 1853 1654 1892 studia,
1679 1864 1761 1894 quae
1786 1854 1908 1884 cunctis
1933 1853 2109 1885 honoribus

460 1918 516 1936 suo
547 1910 622 1937 sunt
647 1907 742 1947 digna
769 1907 933 1947 suffragiO.
964 1907 1096 1937 sedulus
1121 1909 1343 1948 perscrutator
1367 1906 1563 1947 assequeris,
1595 1905 1717 1936 addens
1744 1906 1882 1936 claritati
1907 1906 2037 1946 generis
2061 1906 2109 1936 in-

461 1959 591 1998 genium
616 1959 759 1989 suaviter
783 1959 977 1999 eloquentis.
1018 1958 1168 1989 incumbe
1194 1969 1271 1999 ergo
1296 1958 1414 1988 talibus
1439 1957 1561 1993 studiis,
1588 1968 1660 1988 ama
1684 1968 1766 1998 quae
1792 1958 1822 1987 in
1848 1960 1878 1987 te
1903 1960 2110 1988 remunerata

460 2010 640 2050 cognoscis.
665 2014 698 2040 ut
723 2013 834 2041 nostra
859 2021 986 2051 quoque
1011 2010 1132 2040 iudicia
1157 2020 1228 2040 cum
1253 2010 1318 2040 tuis
1344 2009 1550 2050 provectibus
1573 2009 1697 2039 tendas.
1738 2012 1861 2039 tantum
1880 2009 1963 2039 enim
1982 2009 2110 2039 anobis

461 2062 575 2101 exigis,
601 2065 755 2102 quantum
780 2065 812 2092 te
837 2062 930 2092 bonis
955 2062 1081 2092 actibus
1106 2061 1275 2092 imminere
1302 2061 1481 2101 cognoscis.

569 2182 587 2205 L
594 2183 674 2207 HNP(
683 2183 849 2208 lmmm'X)
857 2183 925 2207 ErFt

567 2259 576 2283 l
599 2259 724 2291 reparent]
745 2265 843 2292 reparet
858 2259 1022 2289 LR¹PI).10,
1041 2262 1138 2290 reperet
1155 2258 1175 2281 0
1241 2257 1302 2290 nati]
1324 2267 1347 2282 n.
1368 2258 1461 2282 fuerint
1475 2257 1514 2281 Ιιη
1620 2257 1636 2281 Ε.)
1655 2258 1772 2282 commoti
1787 2257 1813 2281 E
1914 2256 1930 2281 3
1948 2256 2111 2290 genetricem]

465 2304 587 2327 nutricem
602 2302 627 2326 P
694 2303 796 2335 fetibus]
818 2304 912 2328 fotibus
926 2302 1017 2329 JJNX,
1036 2302 1143 2326 sortibus
1158 2302 1178 2323 ί)
1236 2303 1283 2326 sac.
1303 2302 1358 2326 deb.
1378 2302 1444 2325 boni.
1458 2300 1507 2324 ΡΙ)
1601 2299 1616 2324 4
1636 2298 1746 2332 quando]
1766 2309 1788 2331 q.
1809 2303 1832 2323 et
1847 2299 1980 2324 HXflEAe
2033 2304 2058 2324 et
2076 2299 2112 2332 in]

465 2347 489 2369 in
512 2345 619 2371 lst'tlvlF.
641 2355 687 2370 0711.
709 2346 744 2369 ,10
834 2344 924 2377 inesse]
950 2354 1004 2369 esse
1023 2345 1051 2369 K
1171 2345 1186 2368 ἴ)
1212 2346 1251 2369 sui
1278 2346 1337 2369 sacti
1356 2344 1406 2368 ΡΙ)
1536 2343 1551 2368 G
1577 2342 1695 2375 martino]
1722 2352 1753 2368 m.
1776 2342 1833 2373 (sle)
1855 2345 1875 2366 0
1969 2352 2072 2367 manum
2095 2345 2114 2367 0

464 2388 477 2412 7
493 2389 583 2412 sentiet
595 2391 633 2412 0³
679 2389 796 2420 eligimus
808 2389 835 2412 X
878 2387 990 2421 parcere]
1007 2396 1104 2420 perc—sse
1117 2388 1156 2411 E¹
1238 2386 1254 2411 8
1268 2389 1292 2411 in
1306 2386 1370 2420 illos]
1387 2385 1691 2411 LRIx'PbJIXXEJv'hl.
1705 2387 1729 2410 iu
1743 2386 1786 2409 illo
1796 2386 1854 2417 ΡΟ,
1870 2399 1876 2408 a
1894 2386 1936 2410 illo
1948 2386 1996 2417 Pa,
2009 2386 2064 2410 illos
2073 2386 2114 2409 F‘·'

509 2432 677 2463 distriuguere
688 2431 822 2457 lllvaln',
834 2432 989 2463 distinguere
999 2431 1103 2459 DXFl,
1118 2432 1296 2463 disti-unguere
1305 2431 1353 2454 Jlst
1395 2429 1512 2462 naturae]
1527 2434 1636 2454 tractum
1648 2430 1668 2453 Ο
1738 2429 1768 2453 11
1784 2433 1867 2453 aetate
1879 2438 1926 2454 mn.
1935 2429 1964 2452 X
1995 2438 2025 2453 ex
2036 2438 2083 2453 om.
2092 2429 2117 2453 P

466 2473 498 2498 1⁵2
516 2478 574 2498 cert.
595 2475 652 2498 bon.
667 2474 715 2497 Pl>
810 2474 841 2499 13
860 2473 975 2505 deiicere]
996 2475 1148 2506 depmficere
1166 2474 1203 2497 [3¹
1296 2472 1327 2498 14
1346 2472 1431 2505 etiam]
1452 2474 1518 2497 enini
1533 2472 1581 2496 OE
1637 2481 1727 2497 cursus
1746 2473 1862 2504 perennis
1877 2472 1914 2496 Β]
1976 2473 2077 2496 tortium
2092 2471 2117 2495 P

467 2517 498 2541 11⁷)
516 2518 647 2541 consessus
665 2520 685 2539 (Ρ
755 2518 807 2541 nini
828 2517 851 2540 Iu*
922 2526 964 2549 per
983 2516 1135 2549 accidentia]
1157 2518 1284 2549 pacientia
1304 2517 1342 2540 Ε1
1416 2517 1527 2541 fortassis
1548 2516 1581 2543 Κ,
1606 2518 1669 2540 sorte
1689 2516 1726 2539 A?
1797 2516 1903 2539 uitiatus
1922 2516 1948 2539 in
1968 2516 2045 2539 [ilum
2066 2514 2114 2539 Illb

467 2559 498 2584 145
522 2558 692 2590 aestimatum]
715 2560 840 2586 (taurins,
865 2561 997 2584 aestimato
1012 2561 1136 2591 plerique,
1162 2561 1268 2584 extimat
1285 2562 1305 2583 (t
1375 2560 1495 2583 domitiue
1515 2559 1539 2582 Ii'
1650 2557 1680 2582 17
1699 2562 1823 2590 steginate
1845 2558 1868 2581 E
1977 2557 2007 2582 IS
2031 2559 2056 2582 in
2079 2556 2113 2589 te]

466 2603 517 2626 uite
533 2602 572 2625 IN
627 2611 676 2626 non
696 2612 741 2626 0121.
757 2602 778 2625 0
870 2602 901 2626 19
921 2602 1076 2634 flammatus]
1098 2603 1138 2627 nel
1158 2607 1257 2627 :imatus
1272 2603 1313 2626 A*
1408 2601 1442 2627 ⁴2⁴)
1461 2603 1619 2634 praefectura
1635 2602 1655 2625 0
1747 2601 1777 2626 ‘21
1800 2602 1877 2626 fnisse
1891 2602 1919 2625 J<
2008 2600 2041 2625 ‘2'2
2061 2610 2114 2634 pro-

468 2646 550 2669 uineie
573 2645 593 2668 Ιῖ
662 2646 767 2677 prouida
786 2654 811 2669 se
833 2645 875 2668 Na
979 2644 1012 2669 ‘23
1031 2644 1201 2677 subtraheret]
1225 2646 1383 2670 wrtraheret.
1403 2645 1494 2676 (subtr.
1513 2654 1545 2669 m.
1561 2647 1587 2672 2)
1608 2644 1650 2669 Kl
1721 2645 1849 2677 separauit
1867 2646 1887 2668 0
1990 2644 2024 2668 25
2043 2645 2115 2669 satis-

468 2690 561 2712 saa-eret
581 2697 627 2711 ont.
642 2689 663 2711 t)
743 2688 867 2712 inueniret
883 2688 920 2711 Ale
1002 2689 1118 2721 pluribus
1136 2689 1183 2712 ola'
1298 2688 1330 2713 ⁸2?
1351 2689 1457 2713 maximo
1471 2688 1568 2712 XE¹F
1648 2686 1733 2719 decim]
1761 2688 1882 2712 iudicium
1897 2687 1931 2714 K,
1956 2688 2076 2712 indicium
2091 2688 2114 2711 A

467 2729 500 2754 ”2⁵
524 2731 645 2763 suffrag-io
659 2730 784 2758 IsPErlr,
809 2732 938 2763 suffragiis
953 2731 1013 2755 (1.1Θ
1083 2732 1166 2756 studia
1187 2740 1234 2756 out.
1250 2732 1344 2755 Lli'li'l
1450 2731 1483 2756 ‘29
1508 2740 1567 2755 suos
1581 2731 1610 2754 J<
1677 2735 1736 2754 sunt
1761 2731 1837 2762 digna
1863 2731 1933 2762 tdiga
1948 2729 2011 2761 [ΑΝ]
2038 2731 2114 2762 digna

468 2778 527 2798 sunt
546 2774 596 2797 ΓΙ)
684 2782 775 2805 persor.
799 2774 850 2798 scd.
870 2776 890 2795 ()
1011 2774 1044 2798 30
1068 2783 1123 2798 ania
1149 2784 1196 2798 om.
1214 2777 1234 2795 ¹)
1356 2776 1381 2798 in
1405 2773 1438 2806 te]
1463 2775 1528 2798 inter
1546 2773 1636 2799 MOX.
1663 2774 1761 2797 ratione
1781 2773 1820 2797 E¹
1944 2772 2114 2805 remunerata]

469 2822 600 2841 munerata
622 2817 773 2843 ,llXIZ'1F¹,
796 2822 928 2841 munerata
951 2817 1014 2841 OE²
1118 2817 1148 2841 :31
1171 2826 1270 2849 qunque
1291 2816 1441 2849 JJ¹=[?]‹‘›X.
1465 2826 1590 2849 quemque
1611 2817 1636 2840 E
1703 2815 1800 2847 tendas]
1821 2817 1930 2844 fortusse
1949 2816 2073 2840 extendas
