2279 3261
400 744 424 762 10

400 1002 423 1020 15

362 1204 379 1232 ΕΠ

400 1261 424 1279 21]

372 1973 383 2002 1
408 1978 432 1996 30

444 187 505 216 250
1158 180 1369 207 CASSIODORI

440 271 633 303 innumeris:
662 270 813 301 laudatur
836 269 964 311 pinguis
988 269 1056 299 arvi
1081 268 1212 299 densior
1236 278 1340 309 seges.
1389 266 1565 307 antiquitas
1589 276 1646 297 vos
1669 266 1782 298 fecerit
1805 266 1932 298 nobiles
1955 266 2087 298 haberi:

440 335 497 354 nos
522 325 669 354 senatum
695 322 842 352 volumus
866 321 962 351 etiam
988 320 1027 351 de
1049 320 1282 351 numerositate
1300 318 1491 360 praedicari.
1529 317 1616 348 Hinc
1634 320 1683 348 est
1700 317 1785 359 quod
1802 318 1890 349 vobis
1907 328 2088 359 aggregare

443 376 590 417 cupimus
615 384 710 414 quem
735 372 951 414 repererimus
979 372 1173 413 ubicumque
1203 371 1425 413 praecipuum.
1471 380 1545 400 nam
1573 370 1648 400 licet
1679 369 1764 411 apud
1793 380 1850 400 vos
1883 369 2090 400 seminarium

442 428 484 458 sit
513 429 660 457 senatus.
691 429 799 455 tamen
830 428 862 455 ct
892 424 931 455 de
962 427 1073 454 nostra
1097 423 1297 464 indulgentia
1321 423 1474 458 nascitur‚
1505 421 1557 463 qui
1583 421 1700 452 vestris
1726 422 1873 452 coetibus
1898 421 2088 463 applicetur.

442 479 589 510 alumnos
607 480 742 507 cunctae
761 476 852 506 vobis
870 477 1000 517 pariunt
1017 476 1141 506 aulicae
1159 475 1346 515 dignitates,
1372 477 1546 515 quaestura
1570 475 1679 503 autem
1703 483 1779 504 vere
1804 475 1909 503 mater
1932 473 2089 503 senatoris

442 533 501 564 est*
526 529 675 570 quoniam
702 538 743 558 ex
768 527 939 569 prudentia
963 527 1060 557 venit.
1100 527 1176 568 quid
1201 527 1285 557 enim
1310 526 1449 567 dignius,
1474 535 1569 566 quam
1595 525 1703 555 curiae
1727 525 1919 566 participem
1943 524 2012 554 fieri
2037 524 2091 565 qui

442 581 591 612 adhaesit
615 580 751 611 consilio
776 579 969 620 principali?
1017 578 1073 609 sed
1099 579 1174 620 quia
1199 578 1351 620 prudenti
1377 578 1443 608 viro
1473 576 1671 618 generaliter
1700 587 1763 607 non
1792 576 1911 606 sufficit
1940 576 2092 606 conclusa

442 633 599 667 laudatio„
635 633 704 662 eius
737 634 812 662 nota
844 631 1039 672 propriaque
1073 634 1256 671 tangamus.
1311 629 1525 665 Quaestorem
1561 631 1721 660 nostrum.
1757 631 1867 669 patres
1905 627 2092 669 conscripti,

442 685 628 726 cognoscite
646 683 832 724 eloquentia
850 683 937 724 prius
963 683 1144 713 exercitata
1168 682 1331 723 placuisse
1355 684 1387 711 et
1410 681 1454 711 sic
1480 680 1701 711 advocationis
1725 690 1802 711 suae
1827 679 1958 710 crebras
1984 680 2092 720 egisse

443 737 609 770 victorias,
639 739 674 766 ut
703 736 817 766 merito
847 734 907 765 sibi
937 745 1010 765 eum
1040 734 1157 764 electio
1186 733 1393 774 triumphalis
1424 732 1590 767 asciverit,
1620 735 1778 773 quatenus
1802 731 1918 773 palmis
1943 730 2092 761 felicibus

442 788 653 829 inauguratus
678 787 771 817 nobis
797 786 889 817 daret
906 786 1013 816 omina
1029 785 1224 816 laurearum.
1264 784 1303 815 ad
1322 784 1449 815 forense
1467 784 1671 825 gymnasium
1689 783 1794 825 prima
1811 786 1918 814 aetate
1935 782 2093 813 deductus

443 840 566 871 studuit
591 850 720 880 semper
744 838 923 879 integritati
950 838 1068 868 mentis
1094 840 1126 867 et
1150 836 1355 867 nobilissimo
1381 835 1504 877 pudore
1530 835 1713 866 castitatem
1738 835 1880 876 corporis
1906 835 1965 865 sub
1994 834 2092 864 nimio

443 892 554 922 labore
579 891 746 932 transegit.
793 890 912 921 Orator
936 889 1109 923 facundusq
1141 888 1353 929 gravissimus
1378 891 1534 929 patronus
1560 891 1727 928 susceptas
1759 897 1874 917 causas
1904 886 1970 917 suis
1999 896 2092 927 prae-

443 943 544 974 coniis
575 943 765 977 adiuvabat,
797 941 924 983 quando
956 940 1043 971 credi
1069 951 1131 970 non
1157 943 1284 981 poterat
1308 940 1474 980 negotium
1500 938 1717 980 inprobabile‚
1750 938 1801 968 cui
1824 938 1899 969 talis
1923 937 2095 968 videbatur

443 995 607 1026 assistere.
654 1005 758 1024 nonne
783 993 1044 1035 praetermittere
1069 992 1155 1023 hunc
1180 993 1283 1022 virum
1309 995 1398 1022 esset
1423 991 1587 1033 publicum
1613 990 1786 1021 damnum?
1830 990 1904 1032 quid
1929 990 2014 1020 enim
2039 992 2094 1020 aut

442 1047 535 1077 nobis
566 1049 621 1076 aut
650 1046 742 1076 vobis
773 1056 847 1076 esse
877 1045 973 1075 dehet
1005 1045 1171 1086 acceptius
1205 1054 1299 1085 quam
1330 1046 1441 1074 nostro
1475 1043 1627 1083 coniungi
1659 1042 1769 1074 lateri.
1805 1042 1857 1083 qui
1888 1042 1972 1072 inter
2002 1041 2094 1081 leges

442 1098 558 1129 meruit
582 1097 775 1139 approbari?
822 1107 931 1127 amare
956 1106 1095 1137 namque
1121 1106 1176 1127 eas
1201 1099 1325 1137 potest.
1355 1106 1413 1136 per
1443 1105 1523 1136 quas
1554 1095 1668 1125 doetus
1699 1094 1828 1127 enituit,
1858 1093 1932 1124 dum
1962 1093 2095 1124 affectat

442 1150 663 1191 unusquisque
696 1149 833 1190 gloriam
867 1159 957 1179 suam
992 1159 1052 1179 nec
1084 1147 1230 1178 oblivisci
1262 1151 1370 1189 potest
1402 1147 1543 1183 animus,
1577 1156 1617 1176 ex
1651 1156 1713 1187 qua
1744 1145 1837 1176 nobis
1870 1144 1969 1176 fuerit
2002 1146 2094 1186 parte

443 1202 594 1232 sociatus.
649 1200 787 1231 Creditis
822 1200 921 1234 forte„
958 1201 1124 1242 principes
1160 1200 1233 1230 viri.
1271 1209 1387 1230 novam
1424 1199 1455 1229 in
1490 1199 1575 1229 hunc
1611 1199 1868 1240 imparatamque
1901 1196 2094 1238 apparuisse

443 1253 668 1295 prudentiam?
716 1254 804 1293 origo
830 1253 897 1283 eius
922 1251 1138 1283 hereditarias
1163 1252 1224 1282 sibi
1249 1252 1376 1282 litteras
1401 1250 1586 1287 vindicavit„
1612 1250 1703 1280 cuius
1728 1253 1821 1291 pater
1844 1250 1890 1280 ita
1913 1249 1945 1279 in
1970 1248 2094 1279 Medio-

442 1305 567 1336 lanensi
598 1306 666 1335 foro
697 1304 912 1345 resplenduit.
943 1308 978 1334 nt
1008 1307 1039 1335 et
1069 1304 1153 1334 trino
1181 1303 1317 1334 fratrum
1348 1306 1380 1333 et
1404 1302 1552 1333 Tulliano
1582 1302 1705 1343 cespite
1730 1301 1915 1343 pullularet.
1960 1300 2096 1342 proinde

444 1358 590 1399 quamvis
616 1358 656 1387 sit
681 1358 730 1388 vel
756 1357 840 1387 inter
856 1356 1037 1387 medioeres
1054 1355 1279 1386 difficillimum
1298 1355 1445 1397 placendi
1464 1365 1577 1395 genus,
1602 1357 1711 1384 tamen
1728 1353 1950 1385 advocationis
1967 1351 2096 1383 laudem

444 1410 528 1440 inter
551 1409 721 1451 primarios
748 1408 955 1449 eloquentiae
980 1408 1168 1448 frequenter
1198 1407 1317 1437 meruit
1347 1407 1504 1437 invenire.
1551 1406 1577 1436 is
1609 1409 1720 1436 eontra
1750 1415 1902 1446 magnum
1928 1404 2097 1445 Olybrium

446 1461 545 1499 stetit,
569 1461 595 1491 is
620 1460 767 1502 palmarii
786 1459 966 1500 Eugcnetis
989 1459 1118 1500 linguae
1136 1458 1286 1489 ubertate
1305 1458 1444 1490 suffecit,
1470 1461 1503 1488 et
1519 1457 1581 1488 illis
1600 1468 1658 1499 par
1677 1457 1794 1494 extitit⁷
1819 1467 1897 1497 quos
1915 1456 2098 1497 singulares

403 1520 414 1538 2¹
447 1513 551 1543 Roma
568 1512 728 1553 cognovit.
767 1511 853 1547 Quid
872 1512 955 1542 enim
975 1511 1168 1552 generosius
1188 1520 1283 1551 quam
1306 1513 1355 1540 tot
1379 1510 1559 1541 litterarum
1585 1519 1735 1550 proceres
1760 1508 1915 1539 habuisse
1940 1507 2097 1538 maiores?

446 1576 520 1595 nam
545 1564 572 1595 si
596 1565 797 1595 inveteratae
823 1568 855 1595 et
884 1574 942 1605 per
971 1573 1073 1604 genus
1104 1562 1220 1593 ductae
1253 1561 1383 1592 divitiae
1415 1561 1539 1592 nobiles
1571 1561 1707 1598 faciunt7
1738 1560 1839 1590 multo
1869 1559 1972 1600 magis
2004 1569 2098 1600 prae-

447 1617 583 1647 stantior
607 1619 671 1652 est,
701 1616 790 1646 cuius
816 1616 906 1657 origo
938 1615 1101 1645 thesauris
1131 1613 1324 1655 prudentiae
1356 1614 1499 1655 locuples
1530 1613 1702 1644 invenitur.
1749 1614 1956 1653 quapropter,
1987 1613 2098 1651 patres

448 1668 633 1709 conscripti,
659 1668 766 1699 favete
790 1671 900 1698 nostro
925 1666 1043 1698 iudicio
1069 1677 1106 1696 ac
1132 1667 1198 1696 suis
1222 1665 1346 1696 meritis
1371 1665 1557 1696 candidato:
1580 1663 1707 1706 quando
1732 1664 1778 1695 sic
1803 1663 1946 1704 collegae
1969 1672 2098 1693 manum

450 1720 641 1752 clementiae
666 1719 841 1762 porrigitis,
867 1730 923 1750 vos
948 1719 1058 1760 potius
1083 1717 1274 1748 sublevatis.

1240 1829 1315 1859 XX.

838 1899 1010 1931 AVIENo
1030 1892 1126 1930 VT·
1151 1892 1237 1930 W
1262 1897 1584 1929 ATHALARICUS
1609 1897 1712 1929 REX.
1917 1923 1946 1943 a·
1965 1913 2100 1953 ’,ΞΜ-,28

554 1970 704 2001 Assertio
728 1970 916 2000 meritorum
942 1972 991 2000 est
1016 1968 1162 2010 potuisse
1187 1967 1263 2009 eligi
1288 1971 1361 2009 post
1385 1967 1623 2009 improbitatem
1648 1966 1763 1998 iudicis
1788 1965 1942 2003 accusati,
1974 1963 2100 2006 quando

451 2033 605 2054 excessus
630 2021 895 2063 praecedentium
918 2031 981 2052 non
1000 2020 1182 2061 corrigitur,
1206 2020 1268 2050 nisi
1287 2030 1359 2050 cum
1377 2030 1546 2051 successor
1563 2019 1703 2060 optimus
1721 2018 1893 2050 invenitur.
1932 2015 2099 2047 contrariis

557 2115 860 2148 BZM1KE(F)H(GJ)

556 2181 569 2205 1
590 2182 692 2214 pinguis
712 2190 758 2205 om.
774 2181 800 2205 F
860 2180 955 2213 feeerit]
976 2182 1035 2205 fecit
1049 2180 1283 2205 NMKEFHGIA
1377 2180 1393 2204 *2
1412 2179 1498 2212 etiam]
1518 2184 1542 2204 et
1556 2180 1591 2210 H,
1610 2188 1657 2204 om.
1671 2179 1699 2203 F
1757 2178 1895 2211 praedieeri
1910 2177 1938 2201 H
2029 2176 2045 2201 3
2064 2184 2100 2200 re-

451 2224 598 2258 pererimus]
620 2225 673 2250 ΒΖ,
696 2225 876 2256 reliquerimus
890 2224 1086 2255 XMKEFGA,
1109 2233 1267 2256 reperremus
1283 2224 1317 2253 Is,
1342 2225 1496 2256 reperiemus
1515 2224 1526 2247 Ι
1607 2224 1702 2255 ubique
1717 2222 1836 2246 NaHGJ
1949 2221 1965 2244 ι’)
1984 2217 2099 2250 cunctae]

453 2272 518 2292 certe
533 2268 606 2292 HG]
668 2268 739 2291 nohis
755 2267 853 2291 EFGA
916 2271 999 2292 autem
1020 2266 1088 2299 uere]
1109 2268 1143 2291 ait
1164 2268 1281 2291 ceuiuere
1296 2267 1326 2290 Il
1419 2267 1434 2291 ⁴5
1454 2265 1523 2298 quid}
1543 2267 1603 2298 quid
1622 2270 1659 2290 est
1673 2265 1724 2289 ΖΝ
1816 2263 1829 2288 7
1848 2265 1922 2296 uirgo
1937 2263 1982 2287 Ha
2043 2270 2100 2294 gen.

452 2320 502 2335 non
522 2310 589 2342 sufll]
610 2311 688 2337 Bul,
714 2320 763 2335 non
783 2312 838 2334 suff,
860 2319 916 2342 gen,
937 2311 1029 2341 reliqui
1137 2309 1153 2333 S
1171 2314 1245 2334 notas
1264 2310 1351 2333 malim
1464 2309 1478 2332 Η
1498 2318 1533 2341 pr.
1554 2310 1616 2340 eloq.
1638 2309 1691 2333 EF
1765 2309 1874 2332 excitata
1895 2306 1983 2330 ZNIw
2060 2305 2100 2328 ad-

453 2355 592 2378 uocationis
611 2353 682 2386 suae]
708 2354 809 2378 assidue
831 2353 852 2376 A
932 2352 1042 2385 crebras]
1067 2354 1152 2377 credas
1173 2353 1208 2379 ΗΖ
1232 2353 1341 2377 credatis
1356 2353 1391 2375 ‘1¹¹
1469 2353 1575 2385 elegisse
1596 2353 1647 2377 HG
1762 2351 1793 2376 10
1811 2348 1947 2382 quatenus]
1974 2349 2040 2381 quod
2060 2348 2102 2372 1¹⁷²

454 2397 483 2421 11
504 2398 578 2421 uobis
598 2398 621 2420 A
693 2398 775 2421 omnia
796 2397 834 2420 ΕΙ
907 2398 1030 2421 sorensem
1050 2397 1091 2420 Ει
1197 2395 1230 2420 1'2
1249 2397 1395 2429 integritate
1416 2396 1565 2420 BEIv'IIlr'l
1636 2395 1806 2419 nobilissimos
1825 2394 1863 2423 M,
1886 2393 2057 2417 nobilissimus
2077 2391 2101 2415 A

505 2445 624 2465 eastatem
639 2440 681 2463 Ba
781 2440 811 2463 125
831 2440 998 2471 grauissimus
1018 2438 1159 2471 (grauimus
1172 2440 1223 2469 Ba,
1246 2440 1406 2472 gratissimus
1420 2439 1478 2469 ΜΨ)
1499 2438 1573 2471 pati-,l
1594 2444 1656 2471 patr.
1675 2447 1712 2470 gr.
1727 2438 1779 2461 HG
1848 2440 1980 2468 susceptas
1999 2433 2100 2466 causas]

454 2488 587 2516 susceptus
602 2484 636 2513 H,
655 2487 785 2515 susceptos
803 2483 822 2509 l,
841 2487 958 2514 suscepta
969 2485 991 2506 (1¹
1087 2481 1119 2506 14
1138 2487 1235 2515 peterat
1255 2492 1301 2507 om.
1314 2483 1341 2506 F
1400 2482 1524 2514 iuprobile
1538 2481 1580 2505 Ba
1674 2481 1704 2505 16
1723 2481 1796 2505 nobis
1815 2485 1860 2504 aut
1878 2480 1950 2503 nobis
1962 2478 1988 2503 E
2047 2486 2101 2502 esse

456 2526 581 2558 (0111.F¹)
603 2525 669 2557 delui
696 2527 750 2550 deb.
776 2535 822 2550 ess.
843 2526 897 2549 „llil
986 2529 1069 2550 uestro
1089 2525 1199 2549 EF¹L1
1324 2525 1356 2549 18
1378 2530 1442 2557 part.
1468 2526 1529 2549 fuer.
1551 2524 1710 2549 XMKEFA
1834 2522 1865 2547 19
1888 2518 2100 2555 imparatamque]

457 2571 654 2602 imperatamque
669 2569 748 2600 12:11²,
767 2570 976 2601 impetratamque
991 2569 1028 2592 A:
1042 2569 1159 2600 pleriaeffloe
1179 2569 1325 2600 compendio
1345 2569 1460 2600 ambiyuo
1564 2566 1598 2592 20
1616 2568 1715 2592 uendic.
1734 2567 1770 2591 lit.
1785 2566 1827 2590 Na
1903 2564 2065 2590 mediolanesi
2079 2563 2103 2587 Β

455 2612 486 2637 21
512 2618 535 2637 et
562 2613 628 2636 trino
654 2614 758 2636 fratrum
787 2612 819 2644 et]
848 2616 949 2636 aeterno
978 2613 1062 2635 fructu
1086 2619 1098 2634 e
1118 2611 1141 2634 A
1222 2611 1350 2642 pulularat
1371 2610 1413 2634 Ba
1526 2609 1560 2634 ‘2⁸2
1584 2608 1711 2641 quamuis]
1738 2609 1842 2641 grauius
1866 2607 1951 2631 Hm]
2026 2605 2102 2630 medi-

455 2665 509 2680 eres
529 2656 553 2679 Z
647 2655 742 2687 tamen]
770 2660 798 2679 ut
817 2655 845 2678 N
970 2654 1004 2678 23
1029 2655 1121 2678 meruit
1146 2662 1192 2678 um.
1212 2654 1240 2677 ill
1332 2654 1477 2678 olimbrium
1497 2653 1580 2677 NME
1708 2651 1741 2675 24
1765 2649 1890 2683 palmarii]
1917 2649 2022 2682 palmari
2042 2648 2103 2677 HG,

456 2700 596 2731 palmarum
616 2698 750 2722 JIKEFA
830 2697 901 2729 quos]
928 2698 995 2729 qumi
1018 2706 1064 2721 uos
1083 2696 1113 2720 N
1218 2696 1251 2721 ‘25
1273 2696 1431 2729 generosius]
1455 2697 1590 2729 gloriosius
1609 2696 1635 2720 E
1744 2693 1777 2719 '25
1799 2692 1964 2725 inueteratae]
1990 2693 2015 2716 iu
2038 2692 2102 2716 ueri<

455 2746 507 2767 tate
527 2742 594 2765 Hm
683 2742 769 2765 ‹liuine
793 2741 815 2764 E
901 2742 950 2765 sac.
973 2741 1029 2764 nob.
1051 2740 1123 2763 JIGJ
1208 2740 1375 2772 praestantior
1398 2738 1444 2771 est]
1470 2739 1677 2772 praestantiorem
1697 2737 1737 2761 Ει
1859 2735 1891 2761 27
1915 2735 2033 2767 locuplex
2052 2734 2106 2757 ΒΚ

455 2785 489 2809 28
507 2788 591 2809 uestro
611 2784 633 2807 A
705 2783 750 2816 sic]
770 2785 790 2808 si
811 2784 847 2808 A:
859 2785 974 2816 fortasse
992 2792 1041 2807 scr.
1060 2784 1081 2807 si
1101 2783 1137 2807 sic
1206 2783 1278 2807 elem.
1299 2791 1366 2807 man.
1386 2782 1413 2806 F
1514 2781 1547 2806 29
1566 2790 1611 2806 uos
1630 2781 1653 2805 A
1723 2780 1867 2804 sublimatis
1881 2779 1905 2803 A
2009 2776 2043 2802 30
2061 2786 2103 2809 po-

459 2828 545 2860 tuisse]
566 2827 678 2858 le'lz'lvl,
702 2828 785 2860 lmtius
804 2837 829 2852 se
849 2827 935 2857 ZNM,
958 2835 984 2851 se
1003 2827 1087 2858 potius
1107 2825 1205 2854 HbcM,
1227 2834 1284 2858 sepe
1303 2826 1387 2857 potius
1407 2825 1451 2849 Ila
1556 2824 1586 2849 :31
1607 2824 1722 2849 excelsus
1741 2823 1773 2847 Il
