2279 3261
379 1229 397 1258 N)

381 1797 399 1824 U]

1269 830 1295 860 Ι.

1004 898 1221 930 FORMULA
1247 898 1554 931 CONSULATUS.
1996 928 2024 948 α,
2043 918 2104 948 511

559 970 743 1000 Priscorum
768 969 886 1000 iudicio
910 969 1014 1010 qualis
1040 969 1081 999 sit
1105 969 1303 1007 consulatus,
1328 969 1402 999 hinc
1428 969 1557 999 omnino
1583 968 1676 998 datur
1694 968 1850 1009 intellegi,
1876 969 2002 1009 quando
2019 970 2105 1000 inter

458 1022 567 1052 mundi
592 1022 767 1063 dignitates
791 1022 925 1052 eximias
951 1021 1037 1051 solus
1069 1021 1186 1051 meruit
1215 1021 1335 1052 habere
1367 1021 1528 1063 palmatas
1553 1023 1678 1055 vestes,
1710 1030 1788 1060 quas
1819 1019 1959 1051 felicitas
1990 1020 2103 1052 dabat:

458 1074 602 1115 praemia
626 1073 832 1107 vincentium,
857 1083 975 1103 nomeu
1000 1083 1172 1103 annorum:
1199 1072 1418 1114 compensatio
1444 1072 1511 1102 sola
1535 1072 1585 1102 cui
1603 1071 1806 1102 debebantur
1828 1072 1944 1102 omnia.
1986 1075 2104 1103 statum

428 1133 437 1149 fv
458 1125 504 1155 rei
528 1125 675 1165 publicae
701 1124 865 1155 Romanae
890 1125 948 1154 viri
978 1124 1070 1154 fortis
1101 1123 1238 1154 dextera
1267 1124 1430 1162 tuebatur,
1462 1123 1609 1154 fortunas
1640 1123 1781 1153 omnium
1811 1134 1848 1154 ae
1877 1123 1996 1154 liberos
2027 1124 2105 1155 civis

418 1389 442 1406 10

419 1648 442 1666 15

420 1903 443 1922 20

459 1176 590 1206 consilia
616 1176 835 1206 vindicabant:
862 1180 893 1206 et
910 1179 958 1206 tot
981 1176 1106 1217 magnis
1132 1175 1248 1206 debitis
1274 1176 1341 1206 sola
1365 1178 1434 1206 erat
1458 1175 1552 1206 huius
1578 1175 1749 1206 retributio
1774 1175 1952 1216 dignitatis,
1977 1179 2106 1217 reperta

459 1228 489 1258 in
507 1227 667 1258 libertatis
691 1231 849 1265 ornatum7
874 1228 1005 1258 inventa
1029 1227 1069 1257 ad
1093 1227 1248 1267 generale
1274 1227 1436 1268 gaudium.
1475 1226 1539 1257 Per
1564 1227 1652 1257 illam
1676 1226 1827 1257 nimirum
1852 1230 1956 1258 status
1981 1228 2107 1269 imperii

460 1279 575 1320 iugiter
609 1279 723 1313 crevit.
758 1279 845 1310 illam
878 1289 1007 1321 semper
1039 1279 1118 1310 felix
1148 1278 1251 1309 Roma
1282 1279 1437 1321 suscepit.
1483 1279 1598 1309 merito
1632 1279 1758 1320 pridem
1791 1290 1894 1320 genus
1927 1280 2108 1312 habebatur

459 1331 599 1372 imperii:
625 1331 738 1361 merito
763 1341 861 1372 supra
884 1342 996 1362 omnes
1022 1331 1108 1362 cives
1131 1334 1269 1372 poterat,
1295 1331 1348 1372 qui
1372 1331 1412 1362 ab
1438 1331 1531 1361 hoste
1556 1331 1694 1372 patriani
1712 1330 1910 1362 vindicabat.
1949 1332 2107 1363 utilitates

461 1382 607 1423 publicas
639 1383 697 1413 sub
728 1383 891 1423 aequitate
920 1382 1098 1424 disponens
1122 1383 1171 1412 ius
1195 1382 1325 1414 dicebat
1349 1383 1447 1413 etiam
1472 1382 1584 1423 capiti:
1617 1382 1674 1413 sed
1698 1385 1766 1413 tuto
1792 1382 1838 1412 illi
1863 1382 2036 1414 commissa
2060 1387 2108 1414 est

459 1436 604 1476 potestas
634 1435 736 1466 necis.
768 1434 820 1475 qui
848 1434 955 1465 fuerat
985 1437 1097 1465 auctor
1126 1435 1249 1465 salutis.
1296 1434 1382 1465 Hinc
1412 1437 1462 1464 est
1491 1433 1577 1474 quod
1601 1434 1698 1464 etiam
1723 1434 1829 1464 fasces
1854 1438 1951 1475 atque
1977 1445 2108 1466 secures

460 1488 571 1516 tantae
596 1486 749 1527 potestati
774 1490 972 1527 praeceptae
998 1490 1072 1516 sunt
1097 1486 1236 1527 inligari,
1260 1489 1305 1521 ut,
1331 1497 1400 1517 cum
1425 1486 1548 1517 tardius
1567 1486 1783 1521 solverentur,
1808 1496 1930 1516 moram
1948 1486 2106 1518 delibera-

461 1538 556 1568 tionis
582 1538 781 1579 acciperent.
815 1538 839 1567 εἰ
864 1537 903 1568 (le
929 1537 1028 1568 caede
1054 1540 1109 1568 aut
1139 1548 1217 1568 nece
1247 1538 1388 1568 hominis
1419 1537 1539 1578 aliquid
1571 1538 1791 1568 censuissent:
1825 1538 1869 1568 ita
1900 1548 1972 1569 cum
2004 1539 2110 1569 omnia

461 1589 530 1620 eius
556 1589 758 1620 traderentur
783 1589 927 1622 arbitrio,
952 1600 992 1620 ne
1018 1590 1228 1620 insolesceret
1252 1589 1369 1626 animo,
1395 1589 1506 1619 consul
1532 1588 1636 1620 dictus
1662 1593 1712 1620 cst
1736 1600 1755 1619 a
1772 1589 1982 1620 consulendo.
2024 1590 2109 1621 Hinc

463 1644 553 1672 tanta
582 1641 715 1682 largitas
745 1641 938 1683 profluebat.
972 1644 1007 1671 ut
1037 1641 1092 1672 illa
1122 1641 1273 1675 dextera,
1307 1651 1390 1682 quae
1421 1641 1614 1682 sanguinem
1645 1641 1774 1682 copiose
1805 1640 1931 1672 fuderat
1960 1641 2110 1681 hostium,

462 1692 546 1722 vitae
577 1693 734 1723 auxilium
763 1693 886 1723 civibus
916 1696 1062 1724 manaret
1091 1693 1256 1733 irriguum.
1304 1693 1349 1723 sic
1378 1703 1456 1734 quos
1487 1692 1600 1723 felices
1630 1703 1688 1734 per
1716 1692 1804 1723 bella
1833 1693 1972 1731 fecerat,
2004 1693 2110 1724 studio

462 1743 623 1784 largitatis
655 1744 820 1785 explebat.
872 1745 903 1774 in
936 1748 1162 1785 argumentum
1200 1745 1297 1775 etiam
1333 1744 1483 1785 publicae
1520 1744 1644 1785 gloriae
1680 1744 1826 1775 solvebat
1862 1745 1999 1776 famulos
2035 1746 2109 1786 iugo

462 1795 584 1829 servili,
616 1795 667 1835 qui
692 1795 877 1826 libertatem
901 1799 1011 1826 tantae
1036 1795 1171 1826 dederat
1195 1796 1328 1827 civitati.
1376 1795 1440 1827 Sed
1464 1806 1548 1826 nunc
1573 1796 1698 1826 sumitis
1724 1796 1787 1826 ista
1811 1796 1950 1831 felicius.
1982 1797 2109 1838 quando

463 1856 518 1876 nos
548 1846 705 1877 habemus
738 1847 865 1877 labores
891 1848 1057 1878 consulum
1083 1850 1115 1877 et
1139 1858 1194 1877 vos
1219 1847 1338 1888 gaudia
1361 1847 1568 1887 dignitatum.
1615 1847 1775 1888 palmatae
1801 1848 1957 1889 siquidem
1983 1852 2110 1880 vestrae

464 1901 593 1928 nostrae
618 1898 794 1939 probantur
818 1909 891 1929 esse
916 1899 1070 1930 victoriae
1096 1902 1127 1929 et
1158 1899 1396 1940 prosperrimae
1427 1898 1625 1929 condicionis
1657 1904 1776 1930 eventu
1806 1910 1863 1931 vos
1893 1900 1925 1930 in
1954 1910 2033 1942 pace
2062 1901 2110 1931 in—

464 1950 664 1990 genuitatem
697 1950 809 1981 ceditis
841 1951 985 1984 famulis.
1019 1961 1089 1981 cum
1122 1961 1181 1981 nos
1214 1951 1422 1982 securitatem
1453 1951 1566 1981 demus
1596 1961 1654 1992 per
1683 1951 1771 1981 bella
1800 1951 1964 1983 Romanis.
2014 1956 2110 1993 atque

463 2001 534 2032 ideo
565 2012 621 2042 per
652 2002 739 2032 illam
764 2001 971 2033 indictionem
997 2003 1185 2033 consulatus
1211 2006 1241 2033 te
1267 2003 1457 2033 decoramus
1482 2002 1675 2043 insignibus.
1721 2003 1823 2044 Pinge
1849 2006 1957 2034 vastos
1982 2014 2111 2035 umeros

465 2053 552 2082 vario
577 2053 682 2083 colore
708 2054 879 2094 palmatae,
904 2053 1044 2084 validam
1069 2065 1198 2084 manum
1224 2054 1379 2085 victoriali
1405 2054 1551 2095 scipione
1576 2054 1718 2086 nobilita.
1744 2055 1828 2085 lares
1850 2056 1995 2096 proprios
2014 2056 2111 2086 etiam

465 2104 582 2133 calceis
606 2107 738 2134 auratus
763 2105 933 2145 egredere,
964 2105 1075 2136 sellam
1102 2105 1245 2136 curulem
1270 2116 1327 2146 pro
1353 2116 1411 2136 sua
1435 2106 1657 2146 magnitudine
1682 2107 1790 2136 multis
1820 2106 1973 2147 gradibus
2003 2107 2111 2137 enisus

421 2162 444 2180 ¹2⁵
465 2155 618 2186 ascende.
649 2158 684 2185 ut
716 2156 745 2186 in
775 2157 838 2186 otio
870 2157 1035 2187 subiect-us
1067 2158 1237 2191 merearis,
1269 2157 1352 2198 quod
1384 2168 1439 2188 nos
1468 2160 1541 2199 post
1570 2158 1729 2188 maximos
1759 2158 1888 2189 labores
1918 2159 2111 2189 assumimus

464 2207 673 2247 imperantes,
721 2207 801 2237 Hem
828 2208 1034 2239 victoriarum
1060 2208 1165 2249 agitis,
1190 2209 1243 2250 qui
1268 2209 1355 2240 bella
1378 2209 1528 2239 nescitis:
1554 2220 1612 2239 nos
1637 2209 1768 2240 iuvante
1793 2209 1853 2240 deo
1878 2210 2029 2250 regimus,
2053 2220 2109 2240 nos

465 2258 661 2288 consulimus
694 2262 726 2288 et
758 2261 899 2289 vestrum
933 2270 1049 2290 nomen
1081 2271 1200 2290 annum
1233 2259 1394 2301 designat.
1441 2261 1561 2291 vicistis
1593 2261 1749 2292 felicitate
1782 2261 1959 2302 principeS,
1994 2261 2047 2302 qui
2080 2264 2111 2292 et

465 2309 605 2339 honores
635 2320 776 2340 summos
807 2311 920 2349 geritis
952 2316 983 2342 et
1013 2312 1242 2343 dominationis
1272 2312 1381 2343 taedia
1410 2323 1473 2343 non
1503 2312 1642 2344 habetis.
1688 2316 1886 2354 quapropter
1914 2313 2003 2353 erige
2035 2323 2109 2343 con-

571 2429 820 2461 LRKHTUEOE)

568 2506 584 2530 ⁵2
603 2505 643 2538 sit]
664 2508 691 2531 fit
706 2507 733 2530 J<
836 2507 851 2530 ι’)
870 2508 958 2533 dextra
974 2508 1011 2532 E¹
1083 2508 1156 2541 ciuis]
1172 2509 1306 2540 LHPTV,
1325 2510 1398 2534 cuius
1412 2510 1515 2540 KEA',
1539 2511 1593 2535 eius
1607 2510 1639 2540 F,
1663 2511 1739 2534 huius
1753 2510 1790 2534 ,19
1895 2510 1910 2535 6
1929 2510 2079 2534 uindicabat
2091 2509 2116 2534 P

467 2549 480 2574 7
501 2549 632 2581 libertatis]
653 2551 755 2574 ben-tatis
769 2550 793 2573 P
857 2552 982 2576 mimirum
997 2552 1034 2575 L¹
1135 2552 1151 2575 S
1171 2551 1239 2584 felix]
1260 2552 1466 2579 K²PTFEF2L
1486 2562 1532 2578 om.
1547 2553 1641 2577 LRK²
1707 2551 1785 2585 roma]
1806 2554 1885 2578 forma
1900 2553 1940 2577 Ε1
2007 2551 2112 2585 pridem]

465 2594 566 2624 quidem
587 2593 609 2616 Α
733 2592 765 2616 10
783 2594 849 2625 eapti
869 2593 919 2624 ΕΙ,
944 2595 1035 2626 eapitis
1054 2594 1098 2618 ΓΛΖ
1212 2596 1242 2620 11
1268 2597 1338 2620 neeis
1361 2597 1404 2628 qui
1429 2598 1512 2621 fuerat
1537 2598 1617 2627 (furat
1636 2597 1659 2621 R
1669 2597 1687 2627 ¹)
1707 2596 1804 2629 auctor]
1830 2597 1866 2620 his
1891 2596 1978 2627 (semel
2000 2601 2069 2621 actor
2092 2601 2114 2620 et

467 2637 501 2659 sic
517 2636 548 2666 Γ)
568 2636 590 2659 Τ
664 2639 702 2659 est
720 2644 768 2659 oin.
783 2635 807 2658 P
884 2637 959 2661 etiam
979 2638 1044 2669 quod
1064 2637 1091 2667 T,
1115 2638 1193 2662 etiam
1212 2647 1259 2663 0111.
1276 2639 1300 2662 (r
1410 2638 1442 2663 13
1461 2639 1491 2672 si]
1516 2653 1544 2664 μ
1564 2641 1584 2664 si
1603 2640 1643 2663 Ε1
1727 2640 1868 2664 censuisset
1886 2640 1935 2663 ΤΠ
2013 2638 2056 2671 ita]
2078 2640 2112 2664 ita

467 2684 494 2703 ut
517 2678 587 2702 EFA
707 2676 738 2701 14
755 2678 820 2701 trad.
840 2679 894 2702 eius
915 2679 937 2702 R
1013 2688 1027 2703 a
1046 2689 1092 2703 mn.
1108 2680 1152 2703 Ea
1266 2681 1296 2705 15
1315 2682 1401 2706 dextra
1417 2683 1453 2705 ΛΕ·
1560 2682 1590 2707 17
1610 2687 1774 2714 augmentum
1790 2683 1830 2706 Ar
1845 2683 1897 2707 Cui.
2009 2681 2040 2706 18
2058 2683 2113 2706 ded.

467 2726 535 2745 tante
555 2720 578 2744 R
659 2719 737 2751 nunc]
761 2729 810 2744 uon
832 2720 858 2743 Κ
976 2721 1007 2746 19
1031 2724 1154 2754 psalmatc
1176 2723 1216 2746 Is²
1333 2724 1366 2748 23
1389 2724 1468 2756 uario]
1494 2726 1580 2750 ualido
1599 2725 1627 2749 F
1742 2724 1775 2749 {24
1799 2724 1915 2757 auratus]
1939 2724 2114 2755 LRKTI'Ae,

467 2764 564 2788 :iuratis
584 2762 698 2786 PEFAr
797 2764 902 2787 curilem
922 2765 971 2791 ΙΝ,
998 2766 1108 2790 curi-ulle
1131 2766 1154 2789 T
1249 2768 1339 2791 enixus
1359 2768 1441 2791 KTI'
1570 2768 1603 2793 25
1626 2769 1765 2793 subuectus
1786 2768 1823 2791 L¹
1924 2767 1987 2800 post]
2013 2776 2056 2800 per
2075 2768 2113 2791 Ae

467 2806 498 2831 ΞΠ
520 2807 603 2830 uicisti
627 2806 651 2829 Κ
