2279 3261
696 189 891 215 VARIARVM
912 189 972 221 XII,
993 190 1033 216 16.
1055 190 1094 217 17.
1115 192 1153 217 18.
1178 193 1215 217 19.
1720 198 1780 226 375

129 274 321 305 desideratis
347 274 478 306 intrare.
526 275 735 307 Conscientia
759 279 848 307 reeta
874 277 940 307 vias
966 277 1113 318 publicas
1140 281 1244 315 tenet.
1276 279 1443 310 obviorum
1470 280 1683 311 collocutione
1708 292 1780 322 gra—

128 326 250 357 tulatur
278 330 309 357 et
338 337 410 357 eum
441 326 587 358 diversos
617 332 784 369 gratanter
815 329 960 370 inquirit,
993 329 1112 360 laboris
1137 330 1243 361 taedio
1270 341 1332 361 non
1358 335 1519 372 gravatur.
1567 333 1706 363 amicum
1733 338 1782 363 est

128 381 235 408 autem
266 379 390 409 crimini
421 379 504 409 velle
530 380 646 410 nesciri
672 384 704 411 et
728 380 781 421 qui
806 380 875 411 vias
901 391 976 411 suas
1001 381 1135 415 occulit.
1168 383 1398 413 conscientiam
1425 383 1540 424 prodit.
1589 384 1723 425 proinde
1750 385 1781 415 in

128 440 206 460 usus
230 431 402 471 generales
427 431 544 463 itinera
567 432 674 473 prisea
695 434 901 467 revocentur.
926 442 978 469 ne.
1004 432 1078 463 dum
1103 434 1330 475 compendium
1357 434 1477 465 laboris
1500 439 1670 476 quaerunt,
1695 437 1780 467 vitae

127 481 297 523 dispendia
320 482 495 524 patiantur.
541 483 594 514 ille
619 484 706 514 enim
730 484 798 514 iure
823 483 992 514 habendus
1018 488 1067 515 est
1092 484 1209 523 hostis,
1242 486 1296 527 qui
1322 486 1501 517 munimina
1525 487 1637 518 nititur
1661 488 1780 519 violare

129 533 278 565 civitatis.

892 595 1019 627 XVIII.

285 665 687 696 CUNSTANTINIANO
712 665 821 696 vllto
846 665 1265 696 EXPERIENTISSJMO
1292 665 1501 696 SENATOR
1527 661 1621 698 PI’I).

234 734 354 775 Regius
384 738 559 776 apparatus
588 735 669 766 sicut
699 735 949 775 neglegentibus
979 735 1073 765 affert
1103 735 1298 776 periculum.
1333 736 1377 766 sie
1401 739 1532 767 strenue
1558 737 1781 768 laborantibus

128 789 271 828 praestat
295 789 453 823 ornatum.
480 787 554 827 quia
578 787 756 828 praemium
783 790 833 817 est
857 787 942 817 vitae
966 786 1095 817 domino
1115 786 1246 818 vidente
1266 788 1398 825 servire.
1425 788 1475 818 cui
1494 799 1553 819 nec
1572 789 1667 829 culpa
1685 789 1782 820 celari

127 849 187 869 nec
212 839 331 869 bonum
357 839 460 879 possit
484 838 650 869 abscondi.
698 849 794 880 quam
818 841 945 879 gratum
972 842 1020 869 est
1045 839 1115 869 sine
1142 838 1323 869 offensione
1349 839 1456 880 aliqua
1480 840 1541 870 iter
1565 851 1665 881 agere
1683 841 1782 871 (lesti-

128 894 253 922 natum.
288 890 395 921 videre
426 889 544 921 indicia
573 890 776 931 diligentiae.
808 890 905 921 dubia
934 891 1003 921 sine
1034 891 1149 921 timore
1175 891 1326 924 transire.
1360 902 1474 932 gressu
1500 892 1587 923 facili
1612 897 1784 924 montuosa

128 942 357 974 conscendere.
382 943 412 972 in
438 943 591 984 pontibus
617 953 688 973 cum
713 942 854 973 trabium
879 943 1058 973 mobilitate
1084 953 1147 973 non
1166 946 1303 973 tremere
1323 944 1472 984 viamque
1491 944 1536 974 sic
1555 945 1724 979 conficere.
1748 950 1783 975 ut

128 994 236 1025 omnia
268 994 442 1036 probentur
466 995 572 1025 animo
598 995 802 1025 convenisse!
851 995 996 1025 militiam
1025 998 1166 1025 vestram
1192 996 1436 1028 transcenditis.
1470 997 1495 1026 si
1520 1007 1627 1027 rerum
1653 996 1782 1027 domino

128 1047 257 1088 placere
281 1046 425 1087 possitis.
472 1057 544 1076 nam
570 1047 620 1076 cui
645 1057 702 1077 nos
727 1057 842 1087 parere
868 1046 1107 1081 contendimus,
1132 1057 1269 1087 magnus
1287 1051 1462 1088 provectus
1482 1051 1529 1077 est
1547 1048 1573 1077 si
1594 1048 1783 1078 mereamini

127 1098 167 1129 ad
193 1098 262 1129 eius
285 1098 431 1139 placidos
449 1098 559 1129 venire
577 1101 782 1140 conspectus.
830 1097 991 1133 Quocirca
1007 1099 1068 1129 iter
1085 1098 1265 1129 Flaminiae
1285 1099 1361 1129 rivis
1379 1099 1581 1129 sulcantibus
1601 1103 1781 1137 exaratum.
1816 1108 1824 1123 ’τ

128 1150 254 1181 hiantes
278 1151 366 1192 ripas
391 1151 549 1181 latissima
574 1151 717 1192 pontium
743 1150 969 1181 interiectione
994 1150 1190 1191 coniungite.
1215 1161 1389 1192 oppressas
1415 1151 1578 1192 margines
1602 1151 1783 1193 platearum

127 1203 314 1245 asperrimis
343 1203 430 1233 silvis
461 1203 611 1234 enudate.
662 1202 937 1244 paraveredorum
969 1203 1152 1244 adscriptus
1182 1214 1336 1234 numerus
1366 1208 1557 1245 procuretur
1582 1215 1654 1235 cum
1680 1205 1784 1235 electa

127 1255 284 1296 qualitate
307 1255 540 1286 membrorum:
565 1265 767 1286 annonarum
784 1254 1026 1295 designatarum
1045 1256 1137 1297 copia
1156 1256 1224 1286 sine
1242 1255 1349 1297 aliquo
1368 1266 1595 1297 possessorum
1614 1256 1784 1298 dispendio

127 1310 363 1348 congregetur.
394 1307 468 1348 quia
500 1307 544 1337 sic
570 1306 678 1337 omnia
701 1310 794 1348 grata
818 1306 970 1337 redditis.
1003 1307 1028 1337 si
1054 1307 1085 1337 in
1110 1307 1201 1338 nulla
1224 1310 1316 1348 parte
1340 1308 1494 1348 peccetis.
1542 1319 1592 1338 res
1618 1319 1682 1339 una
1706 1308 1782 1339 sub-

127 1362 232 1389 tracta
263 1362 378 1389 cuncta
408 1358 568 1389 deformat
599 1361 630 1389 et
664 1362 764 1389 totuin
794 1358 910 1389 deesse
943 1357 1101 1393 ereditur.
1138 1358 1193 1389 ubi
1221 1359 1272 1389 vel
1303 1359 1434 1389 minima
1463 1360 1597 1400 querela
1626 1361 1784 1401 asperitas
1804 1367 1814 1384 ‘2

127 1413 358 1441 commovetur.
407 1410 540 1452 Species
567 1413 750 1452 praeterea,
775 1420 858 1451 quae
883 1410 1003 1440 mensis
1025 1410 1123 1451 regiis
1141 1414 1350 1452 apparantur.
1377 1415 1510 1442 exactas
1528 1415 1596 1442 tota
1615 1412 1785 1442 sedulitate

127 1462 314 1504 perquirite.
361 1473 434 1492 nam
461 1462 536 1503 quid
561 1461 707 1503 proderit
730 1462 889 1492 exercitui
909 1462 1111 1494 satisfacere.
1137 1462 1162 1492 si
1181 1472 1236 1493 vos
1254 1462 1427 1503 contigerit
1444 1463 1475 1493 in
1493 1462 1562 1504 ipsa
1580 1463 1783 1494 dominorum

127 1515 275 1556 pastione
301 1517 457 1555 peccare?
505 1517 641 1555 pareant
666 1513 883 1555 provinciales
907 1513 1086 1544 ammoniti:
1113 1514 1262 1545 civitates
1281 1514 1428 1555 singulae.
1447 1514 1610 1545 declarata
1629 1515 1783 1546 brevibus

126 1565 382 1596 subministrent.
430 1576 503 1596 nam
529 1566 679 1606 quotiens
705 1566 791 1596 laeto
817 1566 953 1607 principi
977 1566 1167 1598 occurritur.
1193 1566 1369 1597 efficaciter
1384 1566 1543 1597 beneficia
1566 1568 1782 1608 postulantur.

1805 849 1827 866 lu

127 1618 267 1659 cogitate
294 1618 404 1655 etiam.
430 1617 514 1658 quod
540 1628 697 1658 praesens
721 1618 808 1648 facta
832 1621 941 1648 vestra
966 1617 1121 1648 diiudico:
1147 1621 1203 1648 aut
1227 1619 1350 1659 gratias
1377 1618 1467 1649 vobis
1493 1618 1611 1649 domini
1637 1619 1782 1660 gaudens
1803 1628 1825 1644 2⁵

127 1669 226 1700 reddo
257 1674 312 1700 aut
343 1669 623 1700 commonitionem
655 1669 808 1711 principis
841 1670 941 1700 iratus
972 1669 1125 1700 attribuo.
1179 1670 1265 1711 agite
1299 1681 1389 1710 ergo.
1428 1680 1467 1700 ne
1497 1670 1574 1700 mihi
1607 1671 1783 1712 imputetur

127 1724 236 1752 vester
260 1731 432 1754 excessus.
465 1722 540 1762 quia
565 1721 689 1752 eunctis
715 1721 754 1752 dc
779 1721 869 1752 vobis
895 1721 1076 1755 satisfacio.
1110 1732 1190 1762 quos
1216 1722 1319 1763 culpis
1344 1722 1461 1752 vestris
1487 1722 1663 1753 offendero.
1710 1734 1783 1764 per-

127 1773 230 1804 solvat
254 1773 330 1803 mihi
355 1772 477 1814 potius*
487 1773 625 1814 gratiam
650 1774 820 1804 universus
845 1774 1020 1805 exercitus.
1060 1784 1178 1814 magna
1197 1773 1287 1804 vobis
1311 1775 1371 1805 erit
1394 1774 1498 1815 gloria
1516 1778 1547 1805 ct
1564 1785 1614 1805 me
1633 1786 1782 1806 securum

127 1825 262 1856 reddere
287 1828 319 1856 et
342 1828 505 1856 tantorum
531 1825 617 1856 bona
641 1825 758 1856 iudicia
783 1826 951 1857 meruisse.

880 1937 1026 1969 XVIIII.

405 2007 587 2040 MAXIMO
612 2006 801 2038 VICARIO
826 2006 961 2038 URBIS
986 2006 1144 2038 ROMAE
1171 2006 1381 2038 SENATOR
1404 2000 1501 2038 ff.

231 2079 417 2109 Adventum
448 2077 579 2119 quidem
609 2076 734 2118 regium
764 2087 805 2107 ex
832 2076 903 2118 ipsa
930 2076 1068 2117 potestis
1100 2086 1300 2117 cognoscere
1325 2076 1507 2117 frequentia
1533 2078 1780 2111 commeantum.

128 2131 203 2173 quia
226 2141 363 2162 necesse
388 2133 437 2161 est
460 2134 495 2160 ut
520 2140 571 2160 res
596 2138 714 2169 magna
738 2128 959 2170 competentia
981 2128 1172 2170 praemittat
1190 2138 1319 2170 semper
1335 2128 1464 2159 indicia.
1509 2132 1678 2158 venturum
1697 2127 1781 2158 diem

1597 2034 1626 2054 a.
1645 2025 1782 2062 53:2‹536

230 2225 516 2258 BZNKE(F)H(GI):
536 2225 561 2248 hi
580 2229 629 2248 tres
648 2233 695 2248 om.
715 2222 798 2256 cp.18
821 2227 932 2255 (praeter
950 2233 971 2247 r.
988 2222 1019 2248 19
1038 2224 1074 2247 sic
1095 2237 1125 2240 —
1145 2223 1175 2248 21
1198 2228 1384 2249 cmnmouetur)
1403 2228 1424 2247 et
1445 2223 1476 2248 15⁹

234 2287 245 2312 1
266 2286 432 2319 conscientia]
452 2295 510 2311 cum
530 2286 634 2309 scientia
659 2285 679 2311 I.
698 2293 756 2308 cum
776 2288 799 2307 ct
818 2284 975 2308 conscientia
994 2284 1066 2308 IJGa
1133 2283 1209 2316 recta]
1230 2288 1316 2309 nostra
1335 2289 1402 2308 recta
1424 2284 1475 2308 JIG
1541 2284 1684 2316 obuiorum]
1707 2284 1782 2316 pluri-

128 2339 225 2356 morum
247 2331 266 2355 A
369 2329 385 2354 2
404 2329 511 2354 diuersis
531 2328 596 2353 HG.
659 2331 781 2360 grauatus
802 2327 831 2350 N
922 2326 937 2351 3
957 2331 981 2351 et
1000 2328 1042 2358 qui
1062 2327 1132 2359 (quia
1151 2327 1186 2357 Z)
1206 2328 1260 2351 uias
1279 2336 1338 2352 suas
1359 2337 1406 2352 mn.
1430 2328 1502 2351 JIGa
1564 2327 1686 2352 occulerit
1704 2327 1783 2357 JIIW⁷

128 2375 276 2399 occulerunt
297 2374 372 2405 ΖΝΗ,
391 2373 531 2398 occuluerit
555 2371 626 2397 TVO).
646 2372 771 2396 ‹uceulitur
792 2373 813 2394 'r'
874 2370 969 2403 conse]
989 2375 1013 2396 et
1032 2379 1114 2395 conse.
1136 2371 1207 2395 Ima
1268 2371 1349 2403 perdit
1369 2370 1440 2394 E¹F
1527 2369 1543 2394 4
1562 2371 1654 2394 laboris
1673 2380 1721 2394 om.
1736 2370 1785 2394 ΖΝ

127 2417 143 2441 S
162 2417 207 2450 sic]
227 2419 262 2442 ita
276 2418 304 2442 F
385 2416 415 2441 10
433 2420 517 2449 posset
531 2415 583 2439 EF
633 2415 765 2439 abscondit
779 2414 821 2438 Ba
875 2413 930 2446 iter]
950 2418 1011 2439 tunc
1023 2414 1051 2438 K
1119 2414 1162 2452 —11
1183 2415 1276 2439 iudicia
1289 2415 1311 2438 A
1397 2413 1428 2438 12
1448 2422 1506 2438 cum
1519 2412 1638 2446 trabium]
1650 2413 1783 2439 BZXEF.

128 2461 287 2486 contrabium
306 2461 340 2491 K,
359 2460 455 2485 trabem
477 2459 499 2482 A
554 2456 701 2489 mobilitate]
722 2457 844 2482 mellitate
863 2457 920 2486 EF,
939 2466 986 2481 0⁷11.
1007 2457 1057 2481 ΚΑ
1117 2456 1154 2489 ut]
1176 2461 1204 2482 ut
1217 2457 1239 2480 Z
1333 2456 1364 2481 11»
1383 2456 1479 2489 uenire]
1501 2457 1638 2481 conuenire
1656 2457 1683 2480 E
1740 2458 1781 2480 tla-

128 2505 195 2528 mine
214 2503 323 2528 NKEF
386 2507 445 2534 post
463 2506 594 2527 exaratum
614 2501 713 2525 ridetur
732 2500 852 2524 excidisse.
877 2501 1044 2533 redintegrate
1063 2501 1101 2525 rel
1120 2501 1200 2525 simile
1218 2501 1365 2525 vocabulum
1477 2500 1509 2524 16
1528 2501 1665 2525 latissimas
1686 2500 1785 2524 lx'aEF

180 2547 308 2579 coniugite
327 2546 351 2571 B
420 2554 552 2578 oppressos
572 2545 599 2568 K
666 2542 804 2576 margines]
824 2552 857 2567 111.
877 2544 931 2575 ripa
950 2543 990 2567 Za
1098 2543 1128 2568 17
1147 2544 1302 2576 asperrimus
1322 2543 1364 2567 Ba
1434 2542 1552 2575 enudate]
1572 2543 1706 2567 cnmntlate
1727 2543 1782 2573 ΖΝ,

127 2591 188 2621 fort,
212 2594 277 2614 recle
376 2589 608 2621 parauerendorum
633 2587 775 2617 ZKE¹F¹‚
803 2587 1007 2618 parauendorum
1033 2587 1061 2610 N
1156 2587 1298 2619 abseriptus
1322 2587 1364 2610 Ει
1502 2586 1532 2611 is
1552 2595 1677 2610 annorum
1698 2586 1780 2610 B³E¹

130 2631 161 2657 19
181 2636 368 2665 congregentur
382 2632 403 2655 A
463 2630 508 2663 sic]
529 2631 595 2655 sicut
608 2630 647 2654 Ε1
705 2630 731 2653 in
750 2639 798 2654 0⁷11.
813 2629 845 2653 H
898 2628 958 2661 una]
978 2638 1031 2654 una
1049 2634 1119 2655 certa
1136 2630 1183 2657 Ga.
1202 2638 1255 2654 una
1274 2633 1341 2654 certe
1357 2629 1407 2660 (ἐὺ,
1427 2638 1477 2654 una
1497 2626 1552 2654 c'cta
1568 2629 1599 2652 II
1682 2628 1715 2653 20
1735 2630 1781 2653 for-

129 2680 182 2700 mat
200 2675 240 2699 Ζῖι
304 2679 329 2700 et
348 2684 395 2699 om.
415 2674 487 2698 HGa
552 2674 593 2698 uel
612 2682 659 2698 om.
675 2675 717 2697 Ga
781 2674 900 2705 querelae
922 2674 970 2698 GA
1070 2674 1102 2698 ⁴21
1123 2673 1226 2706 mensis]
1247 2675 1329 2706 magis
1348 2675 1442 2699 mensis
1457 2674 1495 2698 Z³²
1562 2678 1715 2705 apparentur
1729 2672 1780 2702 Ba,

129 2722 249 2750 parantur
268 2718 318 2748 1³²,
340 2721 479 2750 apparatas
498 2717 538 2741 Za
648 2715 681 2740 ²2⁵2
699 2717 852 2749 contingerit
872 2716 939 2740 KE¹
1050 2715 1083 2741 23
1103 2716 1229 2749 pastione]
1257 2717 1314 2742 dell.
1334 2717 1438 2748 quidam
1457 2716 1589 2748 (Moatisp.
1609 2718 1655 2740 294
1676 2726 1704 2739 m.
1726 2718 1740 2738 ‘.¹
1759 2720 1782 2739 cl

130 2760 287 2792 fllentispess.
299 2764 314 2785 4
329 2770 358 2784 m.
370 2764 403 2792 J),
417 2761 533 2793 passione
547 2760 607 2784 libri
621 2760 643 2783 A
735 2759 768 2784 ‘24
788 2758 904 2792 principi]
918 2760 985 2789 edd„
998 2760 1121 2792 principio
1136 2760 1195 2784 libri
1208 2764 1230 2784 et
1240 2760 1263 2783 A
1343 2760 1375 2784 :²⁸3
1396 2761 1589 2784 c0111111‹›ti‹;=110n1
1603 2759 1652 2782 BZ
1702 2758 1782 2781 iratus

130 2812 177 2828 om.
192 2803 215 2827 A
294 2803 326 2828 *27
346 2803 419 2836 quos]
433 2804 465 2831 B,
484 2803 551 2835 quod
563 2803 655 2834 reliqui
735 2801 769 2826 28
787 2803 860 2827 nobis
874 2802 924 2826 NA
978 2801 1011 2835 et]
1031 2804 1106 2827 etiam
1121 2803 1145 2826 Z
1223 2802 1254 2827 31
1275 2801 1475 2834 commeantum]
1490 2803 1546 2829 BF,
1566 2801 1781 2831 combuleantium

131 2847 220 2878 reliqui
323 2845 356 2871 32
375 2855 473 2879 semper
491 2855 537 2871 om.
558 2845 609 2869 ΖΝ

1801 2013 1826 2031 30

1845 285 1862 312 (ὗ

1847 1102 1864 1129 [ὑ
