2279 3261
390 2222 408 2250 [ὑ

480 175 537 204 128
1190 170 1406 201 ‚CASSIODORI

477 260 679 290 deseruntur.
732 257 877 288 defectus
908 257 992 287 enim
1024 267 1130 287 rerum
1165 260 1220 287 aut
1251 257 1417 287 consilium
1452 257 1591 287 titubare
1624 260 1679 287 aut
1711 257 1795 288 vires
1825 257 1931 297 arguit
1962 257 2117 288 defuisse.

477 314 673 352 quapropter
692 310 842 340 sanctitas
861 311 967 339 vestra
991 319 1009 338 a
1026 308 1081 338 tali
1107 308 1310 339 oblocutione
1335 309 1510 349 refugiens.
1536 319 1616 349 quac
1641 309 1671 338 in
1697 319 1798 349 aquae
1824 308 1922 339 ductu
1946 309 2120 340 reficiendo

476 362 634 404 probabili
658 371 735 391 cura
759 371 800 390 cx
825 364 933 390 nostra
963 360 1158 391 auctoritate
1190 361 1346 402 suscepit„
1378 361 1528 391 celeriter
1558 359 1597 390 ad
1628 360 1780 390 effectum
1811 360 1908 390 faciat
1939 361 2120 401 pervenire.

475 414 557 444 Nam
593 412 667 454 quid
704 412 809 453 aptius
846 421 941 452 quam
978 414 1013 441 ut
1046 411 1167 442 sitienti
1200 412 1286 453 plebi
1319 411 1486 453 provideat
1518 421 1617 452 aquas
1650 411 1871 442 sanctissimus
1905 411 2055 442 sacerdos
2089 415 2120 442 et

444 473 454 488 52
475 465 614 495 humana
646 463 848 505 providentia
881 463 976 493 satiet
1009 473 1089 503 quos
1128 463 1225 493 etiam
1260 463 1423 493 miraculis
1458 472 1591 503 pascere
1626 461 1814 493 debuisset?
1867 463 2002 493 imitaris
2035 463 2119 493 enim

433 919 455 937 10

430 2124 454 2142 30

475 516 734 556 antiquissimum
759 514 909 556 Moysen,
939 514 994 555 qui
1018 514 1220 545 Israhelitico
1250 515 1370 556 populo
1400 515 1498 554 longa
1522 513 1672 544 ariditate
1698 513 1817 544 siccato
1842 513 1881 544 de
1906 514 1977 544 saxi
2001 515 2118 546 sterili-

475 571 541 598 tate
571 567 720 608 copiosos
744 567 857 597 latices
883 565 996 597 eduxit
1027 569 1059 596 et
1088 566 1128 597 ad
1158 566 1355 608 implendum
1385 566 1574 596 miraculum
1612 565 1685 596 inde
1720 565 1798 596 fecit
1831 576 1958 596 currere
1995 566 2120 596 umidos

475 620 630 660 liquores,
661 619 716 649 ubi
746 622 814 649 erat
843 618 927 648 sicca
957 617 1100 648 durities
1148 621 1181 648 tu
1212 621 1318 648 autem
1350 617 1375 647 si
1401 616 1506 647 fontes
1538 617 1675 657 irriguos
1700 627 1853 647 saxorum
1878 617 2119 648 constructione

476 670 618 704 deducis,
644 671 704 701 hoc
729 670 839 701 labore
864 673 918 700 tuo
943 673 1089 710 praestas
1114 669 1250 710 populisq
1275 668 1357 709 qnod
1384 668 1436 699 ille
1462 668 1636 698 miraculis.

1227 838 1369 870 xxxii.

892 908 1049 939 DUDAE
1075 907 1228 939 sAiom
1252 907 1573 938 THEoDnmcUs
1598 907 1700 939 REx.
1936 935 1965 955 a·
1984 925 2119 964 5077511

577 980 657 1010 Cum
687 979 718 1009 in
750 978 896 1008 omnibus
921 977 1025 1007 causis
1050 977 1186 1007 velimus
1211 977 1367 1007 iustitiam
1394 977 1561 1011 custodiri,
1594 978 1669 1018 quia
1694 977 1784 1018 regni
1809 976 1906 1007 decus
1932 979 1982 1008 est
2006 976 2118 1017 aequi-

473 1031 549 1060 tatis·
579 1030 729 1061 affectus,
763 1029 792 1059 in
823 1029 869 1059 cis
898 1029 1040 1059 maxime
1071 1038 1153 1068 quae
1183 1028 1252 1058 fisci
1282 1029 1381 1058 nostri
1414 1029 1541 1058 nomine
1572 1032 1795 1070 proponuntur
1828 1038 2032 1069 nequaquam
2063 1027 2119 1058 de-

475 1082 634 1113 testabilis
659 1081 817 1111 calumnia
853 1081 883 1110 in
909 1079 1060 1110 invidiam
1085 1083 1259 1120 regnantes
1284 1080 1418 1119 affligat.
1457 1080 1596 1121 patimur
1619 1080 1704 1111 enim
1729 1079 1875 1121 superari
1901 1079 1991 1109 salva
2008 1078 2119 1120 aequi-

473 1138 539 1165 tate
568 1144 625 1175 per
656 1134 761 1174 leges.
798 1136 833 1162 ut
866 1132 949 1162 inter
981 1142 1069 1162 arma
1101 1141 1229 1173 semper
1259 1131 1419 1172 possimus
1449 1142 1522 1162 csse
1553 1132 1701 1162 victores.
1753 1141 1826 1161 nam
1858 1141 1953 1172 quem
1984 1130 2120 1161 licenter

473 1186 636 1217 subiectus
672 1188 819 1226 superat,
856 1194 919 1214 non
950 1183 1093 1214 debellat
1125 1182 1291 1214 adversus.
1336 1182 1453 1213 Marini
1485 1183 1593 1224 itaque
1626 1183 1783 1214 relatione
1818 1182 2034 1224 comperimus
2068 1191 2119 1212 res

473 1237 575 1267 Tufae
607 1236 692 1278 apud
716 1236 895 1266 Iohannem
926 1234 1087 1276 quondam
1117 1234 1176 1265 sub
1206 1235 1380 1265 emissione
1411 1234 1616 1276 chirographi
1645 1235 1744 1266 fuisse
1769 1234 1942 1275 depositas.
1989 1236 2021 1264 et
2044 1233 2120 1275 quia

473 1289 564 1320 nobis
590 1292 774 1329 competere
799 1287 1005 1318 manifestum
1031 1290 1080 1317 est
1104 1286 1187 1327 quod
1212 1285 1251 1316 ad
1269 1287 1486 1328 proscriptum
1510 1290 1636 1327 poterat
1660 1287 1833 1328 pertinere³
1863 1285 2000 1326 ideoque
2025 1295 2117 1326 prae-

473 1342 556 1372 senti
582 1341 772 1371 auctoritate
796 1340 1022 1381 praecipimus.
1047 1343 1082 1369 ut
1106 1349 1241 1369 uxorem
1261 1349 1355 1380 supra
1376 1338 1452 1369 dicti
1471 1338 1625 1369 Iohannis
1650 1339 1814 1379 filiumque
1840 1338 1909 1369 eius
1934 1336 2119 1367 Ianuarium

473 1393 639 1423 moderata
663 1392 872 1423 exsecutione
891 1391 1077 1422 convenias.
1117 1389 1178 1425 Qui
1203 1391 1227 1421 si
1252 1390 1411 1421 intentata
1429 1390 1546 1421 iniuste
1565 1401 1599 1421 se
1617 1391 1756 1422 retinere
1774 1392 1982 1431 cognoscunt.
2006 1388 2119 1429 aequi-

430 1452 449 1470 2'
473 1445 548 1475 tatis
567 1444 823 1475 consideratione
842 1443 1028 1474 restituant:
1054 1443 1159 1472 minus
1177 1453 1226 1473 ne.
1252 1442 1450 1483 competenti
1468 1443 1643 1483 sponsione
1661 1442 1841 1484 praemissa.
1858 1441 1897 1472 ad
1916 1441 2119 1471 consularem

473 1496 671 1538 Campaniae
704 1495 835 1526 veniant
866 1494 993 1535 legibus
1025 1493 1190 1529 audiendi,
1223 1497 1257 1524 ut
1281 1504 1387 1524 coram
1418 1494 1563 1535 partibus
1595 1494 1706 1535 positis
1738 1497 1770 1524 te
1800 1493 2000 1524 imminente,
2034 1491 2119 1532 quod

472 1550 575 1579 forma
600 1548 742 1579 continet
766 1548 968 1578 sanctionum
994 1546 1158 1585 divalium,
1189 1550 1373 1576 censeatur:
1407 1546 1447 1576 ita
1474 1549 1592 1576 tamon.
1621 1549 1656 1576 ut
1680 1546 1767 1576 nullo
1793 1544 2000 1586 praeiudicio,
2030 1543 2119 1574 nulla

472 1601 602 1635 iniuria,
635 1600 722 1631 nullo
752 1599 868 1630 damno
900 1598 1085 1629 innocentia
1114 1600 1356 1639 praegravetur,
1388 1608 1426 1628 nc
1457 1598 1582 1629 alienae
1612 1597 1827 1628 accusationis
1851 1595 2005 1627 invidiam
2031 1598 2118 1626 tuam

472 1654 581 1684 facere
607 1652 746 1682 videaris
772 1652 939 1682 offensam.

1213 1770 1373 1801 xxxnr

813 1839 1050 1870 [NIVERSlS
1082 1838 1267 1869 mmsis
1298 1839 1453 1870 enmfA
1485 1839 1779 1871 consrrrnris

1071 1890 1391 1922 THEODEfflcns
1417 1891 1517 1922 anx.
1935 1919 1964 1938 a·
1983 1910 2117 1948 5071511

573 1962 728 1992 Custodia
759 1962 866 2002 legum
896 1961 1062 1991 civilitatis
1092 1964 1141 1991 est
1172 1959 1323 1991 indicium
1349 1964 1381 1991 et
1406 1961 1590 1991 reverentia
1615 1961 1756 2003 priorum
1780 1961 1961 2002 principum
1986 1962 2116 1990 nostrae

471 2024 598 2056 quoque
623 2017 763 2044 testatur
786 2013 965 2044 devotionis
991 2012 1187 2053 exemplum.
1234 2011 1310 2053 quid
1336 2012 1421 2042 enim
1446 2012 1562 2043 melius
1587 2023 1681 2054 quam
1705 2012 1834 2053 plebem
1859 2011 1917 2042 sub
1941 2014 2116 2053 praecepto

471 2066 589 2106 degere
614 2065 697 2096 velle
722 2065 875 2097 iustitiae*
900 2067 935 2094 ut
959 2067 1138 2095 conventus
1162 2065 1336 2094 multorum
1361 2063 1645 2105 disciplinabilium
1669 2065 1710 2095 sit
1727 2064 1877 2095 adunatio
1895 2063 2094 2093 voluntatum
2105 2066 2116 2092 ’ἰ

473 2118 532 2147 1100
566 2118 649 2147 enim
681 2117 817 2158 populos
851 2116 890 2146 ab
923 2116 1044 2157 agresti
1073 2116 1140 2145 vita
1172 2116 1203 2145 in
1236 2115 1395 2146 humanae
1428 2116 1686 2147 conversationis
1719 2116 1864 2157 regulam
1897 2114 2116 2155 congregavit.

472 2169 552 2199 haec
576 2169 656 2199 ratio
681 2179 699 2198 a
723 2168 851 2198 feritate
876 2167 997 2199 divisit.
1028 2178 1068 2198 ne
1093 2167 1223 2198 arbitrio
1249 2167 1372 2197 casuali
1402 2172 1607 2208 vagarentur,
1639 2178 1718 2209 quos
1748 2167 1817 2208 regi
1846 2167 1979 2197 consilio
2008 2166 2117 2196 divina

472 2221 650 2251 voluerunt.
691 2220 811 2250 Oblata
827 2220 934 2260 itaque
958 2219 1194 2261 supplicatione
1219 2218 1396 2260 deposcitis
1422 2219 1594 2260 privilegia
1618 2219 1708 2249 vobis
1733 2219 1852 2250 debere
1877 2218 2009 2254 servari,
2034 2228 2115 2259 quae

472 2271 612 2302 Iudaicis·
637 2271 791 2302 institutis
817 2271 925 2312 legum
950 2270 1083 2312 provida
1107 2270 1251 2301 decrevit
1275 2271 1464 2312 antiquitas:
1498 2270 1580 2312 quod
1606 2281 1663 2301 nos
1688 2270 1828 2301 libenter
1851 2269 2033 2307 annuimus,
2063 2269 2116 2310 qui

574 2391 856 2423 LRKPMN(X)E(F)

573 2469 589 2493 2
603 2470 703 2501 fugiens
718 2469 761 2492 Na
799 2470 823 2493 ῐιι
837 2478 918 2500 aquae
932 2468 1021 2501 fluctu]
1038 2470 1062 2493 in
1076 2478 1159 2501 aquae
1173 2470 1248 2493 ducto
1263 2469 1293 2493 L.
1314 2485 1322 2492 ,»
1332 2470 1495 2501 uqueductu
1510 2470 1539 2493 ill
1547 2474 1568 2499 ἢ,
1581 2471 1723 2501 iaruqutale
1737 2469 1815 2493 ductu
1826 2467 1902 2497 NX¹,
1922 2468 1970 2491 iam
1984 2468 2063 2492 ductu
2074 2466 2116 2490 X²

470 2512 485 2537 4
505 2511 686 2543 sanctissimus]
706 2521 724 2536 s,
745 2512 786 2536 ille
801 2512 897 2542 EFAe,
918 2513 958 2536 ille
978 2521 996 2535 s⁴
1012 2512 1083 2543 Arff)
1164 2512 1179 2536 6
1199 2521 1309 2544 moysem
1326 2512 1356 2542 E,
1375 2521 1461 2536 mosen
1477 2513 1514 2536 Ae
1552 2511 1713 2543 israhelitico]
1728 2512 1783 2542 LR,
1806 2512 1941 2536 israelitico
1954 2510 1986 2541 P,
1999 2510 2115 2542 plerique

470 2555 617 2586 compendio
688 2555 756 2579 saxis
776 2554 857 2578 L¹Ifl¹
931 2556 1067 2579 sterelitate
1087 2555 1118 2578 Δ1]
1226 2554 1239 2579 T
1259 2556 1374 2587 copiosas
1394 2555 1472 2579 [ΑΗΚ
1581 2554 1612 2579 12
1632 2554 1803 2587 nequaquam]
1827 2564 1857 2579 ne
1877 2563 2031 2586 quemquam
2051 2553 2115 2584 MN,

470 2607 515 2622 nec
534 2606 689 2630 quamquam
704 2597 736 2622 X.
757 2598 927 2629 nequicquam
941 2598 994 2622 EF
1096 2597 1127 2622 13
1146 2599 1242 2623 inuidia
1257 2599 1286 2622 M
1351 2599 1482 2630 regnantis
1501 2599 1560 2622 libri
1624 2599 1713 2631 affigat
1727 2598 1779 2622 EF
1874 2597 1905 2621 14
1923 2596 1998 2629 inter]
2018 2606 2062 2629 per
2074 2597 2113 2620 Β]

473 2641 503 2665 16
522 2640 614 2666 tunale
629 2640 753 2671 plerique,
772 2641 867 2672 tuphae
883 2641 928 2667 ΑΘ,
946 2642 1048 2673 nimphe
1063 2641 1090 2665 F
1150 2642 1277 2673 quendam
1291 2642 1314 2665 R
1375 2642 1535 2674 cyrographi.
1555 2642 1679 2674 cyrografi
1699 2641 1841 2665 simililer-re
1855 2641 1914 2665 libri
2012 2638 2042 2664 17
2061 2649 2114 2672 per-

471 2682 560 2715 tinere]
575 2684 706 2715 peruenire
719 2683 770 2707 EF
809 2683 924 2715 ideoque]
937 2683 1134 2709 l’JleNXffln
1147 2685 1201 2709 ideo
1212 2684 1336 2708 LRKMu
1351 2684 1404 2710 (uhi
1415 2693 1464 2716 que
1478 2685 1538 2709 add.
1549 2689 1582 2708 est
1595 2688 1616 2708 et
1628 2693 1719 2708 rut-sus
1733 2684 1852 2715 deletum)
1862 2683 1926 2707 ΕΑΒ
1995 2683 2025 2707 18
2037 2692 2114 2715 supra

470 2727 554 2758 scripti
574 2726 600 2749 E
716 2725 746 2750 19
766 2725 818 2758 qui]
837 2727 903 2758 quod
922 2726 1033 2751 JLVEF
1113 2726 1246 2759 intentata]
1267 2727 1392 2758 LRIx'A²‚
1417 2729 1548 2752 intemtata
1569 2728 1599 2757 P,
1624 2728 1749 2752 intestata
1768 2727 1824 2752 Ma.
1851 2728 1967 2751 intestata
1986 2725 2117 2750 JleA'li

521 2774 564 2793 ret.
584 2778 610 2793 se
633 2769 654 2793 P
729 2768 763 2792 '20
782 2770 864 2794 minus
884 2768 924 2801 ne]
948 2771 1065 2794 minusue
1087 2770 1117 2795 Α.
1143 2771 1162 2794 si
1183 2779 1232 2802 quo
1252 2771 1335 2795 miuus
1355 2771 1378 2794 P
1456 2770 1486 2794 21
1512 2774 1536 2795 te
1559 2771 1705 2794 imminente
1724 2779 1771 2794 om.
1789 2770 1827 2793 K¹
1900 2769 1934 2793 ’22
1952 2771 2045 2794 formas
2064 2769 2112 2792 Ma

470 2811 500 2836 ΞΠ
521 2816 557 2836 est
577 2821 622 2836 om.
639 2811 821 2836 PMNXEFA
927 2812 960 2836 ‘29
979 2817 1108 2837 conuentu
1127 2813 1167 2837 Β1
1271 2812 1305 2837 30
1323 2814 1385 2838 haec
1405 2814 1453 2837 EA
1558 2812 1587 2838 31
1610 2814 1715 2838 consilia
1734 2813 1757 2837 I?
1862 2812 1895 2837 33
1915 2821 2059 2838 annuamus
2074 2812 2114 2836 La
