2279 3261
364 973 382 1001 [Ο

367 1232 383 1260 3

406 876 427 892 10

404 1134 426 1151 15

403 1392 427 1410 20

403 1910 427 1927 :10

407 2168 430 2185 35

447 184 507 214 306
1162 182 1374 208 CASSIODORI

446 269 535 299 vobis
567 272 630 299 tam
663 268 772 299 felicia
805 269 1021 309 contigerunt.
1077 269 1223 299 exultate
1256 269 1452 309 generaliter
1488 272 1519 298 et
1551 269 1607 299 has
1639 269 1767 310 nuptias
1799 269 1925 300 laetitia
1955 269 2089 310 profusa

446 320 621 351 celebrate.
674 319 758 350 unde
790 319 925 360 profecit
955 330 1071 350 nomen
1104 321 1260 358 omnium,
1294 323 1369 351 vota
1400 319 1519 350 debent
1549 331 1621 351 esse
1652 323 1850 351 cunctorum.
1902 331 1984 362 quae
2015 332 2087 362 pre-

446 381 498 402 ces
523 382 541 401 a
566 382 615 402 me
641 372 775 412 exigere
798 375 985 412 potuerunt.
1017 371 1101 412 quod
1125 382 1216 402 meus
1241 372 1366 402 animus
1392 375 1571 413 spontanea
1595 372 1829 403 deliberatione
1854 372 2029 411 concessit,
2053 375 2089 403 ut

447 423 546 453 vestri
578 422 698 452 ordinis
729 422 814 452 viros
846 426 998 464 parentes
1028 433 1102 453 vere
1135 424 1300 464 appellare
1332 424 1507 465 possimus,
1542 423 1595 464 qui
1623 424 1716 455 nobis
1745 423 1912 454 affinitatis
1942 423 2087 454 claritate

446 473 600 515 iungendi
625 476 719 504 sunt?

1220 578 1313 609 Χ111.

752 645 945 676 SENATUI
970 645 1104 677 URssis
1132 646 1287 677 11οΜΑΕ
1313 647 1658 678 THEODAHADUS
1683 646 1784 677 REX.
1981 675 2009 694 a·
2028 665 2089 695 535

552 713 727 755 Postquam
752 714 956 745 venerabiles
980 716 1065 746 viros
1091 717 1263 757 episcopos
1289 717 1399 757 agnita
1415 717 1579 757 legatione
1597 716 1780 747 remisimus
1798 726 1857 747 nec
1874 715 2089 757 petitionibus

446 766 578 803 vestris,
609 766 756 806 quamvis
788 770 899 797 essent
924 767 1081 808 quaedam
1107 767 1392 808 reprehensibilia,
1424 771 1534 798 noster
1558 768 1684 798 animus
1709 767 1891 805 obviasset,
1922 768 2090 798 venientes

445 816 483 847 ad
515 828 572 847 nos
604 817 702 858 aliqui
728 818 909 849 retulerunt
933 819 1095 849 civitatem
1121 819 1302 850 Romanam
1327 819 1431 850 adhuc
1456 821 1565 860 inepta
1590 818 1804 849 sollicitudine
1829 819 1977 850 laborare
2003 823 2035 850 et
2057 819 2090 850 id

448 879 561 909 agere,
593 872 642 905 ut,
675 869 735 899 nisi
766 873 896 900 nostrae
922 871 1178 901 mansuetudinis
1203 872 1392 910 interesset,
1422 872 1568 913 pericula
1593 871 1653 902 sibi
1677 871 1782 912 potius
1807 874 1895 901 certa
1919 882 1961 901 ex
1985 871 2089 902 dubiis

448 920 687 961 suspicionibus
711 921 898 952 concitaret.
945 922 1030 953 unde
1055 923 1238 959 aestimate,
1263 923 1312 954 cui
1336 923 1453 954 debeat
1474 923 1666 964 populorum
1688 923 1792 953 inanis
1808 922 1923 953 levitas
1940 922 2091 964 imputari

447 971 506 1001 nisi
531 975 638 1002 vestro
663 971 776 1009 ordini,
802 984 820 1003 a
844 983 905 1014 quo
930 973 1108 1005 decuerant
1133 979 1249 1005 cuncta
1274 975 1431 1016 componi.
1477 975 1542 1006 Per
1558 978 1698 1005 vestram
1721 973 1879 1015 siquidem
1898 974 2090 1015 sapientiam

446 1023 620 1054 ammoneri
646 1024 828 1065 provincias
853 1026 995 1066 oportuit
1019 1026 1201 1060 universas,
1226 1030 1261 1056 ut
1285 1027 1363 1071 talia
1388 1027 1601 1068 probarentur
1626 1036 1806 1065 assumere,
1832 1036 1913 1067 quae
1938 1026 2090 1067 principis

446 1075 619 1116 primordia
648 1075 836 1107 viderentur
865 1087 990 1108 ornare.
1037 1088 1147 1108 verum
1179 1089 1261 1119 quae
1287 1079 1399 1108 civitas
1423 1089 1485 1109 non
1510 1078 1565 1108 fiat
1589 1077 1798 1115 excusabilis,
1830 1078 1856 1108 si
1880 1077 1985 1108 Roma
2009 1077 2090 1108 deli-

446 1127 569 1167 querit?
617 1138 667 1158 res
696 1128 800 1158 minor
829 1128 868 1158 ad
899 1129 1030 1170 potioris
1056 1130 1154 1160 currit
1180 1130 1365 1171 exemplum
1392 1134 1423 1160 et
1448 1131 1544 1161 alieni
1570 1130 1646 1160 facti
1671 1130 1739 1160 iure
1764 1129 1916 1160 invidiam
1942 1129 2090 1165 sustinet,

444 1188 526 1219 quae
558 1180 698 1220 peccatis
732 1184 877 1220 praestat
910 1181 1105 1222 exemplum.
1160 1181 1216 1211 sed
1247 1182 1366 1222 gratias
1400 1181 1558 1212 divinitati
1589 1181 1774 1216 referimus,
1807 1192 1888 1222 quae
1920 1180 2004 1211 dona
2034 1191 2092 1211 sua

448 1231 564 1261 vestris
602 1232 706 1273 potius
742 1233 867 1263 ornavit
901 1234 1102 1264 excessibus.
1157 1233 1243 1264 Ecce
1274 1234 1361 1275 prius
1396 1235 1507 1275 culpas
1542 1233 1739 1274 ignoscimus
1773 1243 1867 1274 quam
1901 1232 2090 1263 devotiones

447 1282 570 1323 aliquas
597 1284 785 1314 sentiamus.
831 1285 874 1314 nil
900 1284 1058 1316 debemus
1084 1290 1115 1317 et
1140 1286 1308 1316 solvimus:
1341 1289 1415 1316 ante
1442 1286 1577 1316 benefici
1603 1296 1723 1322 sumus,
1749 1289 1783 1315 ut
1807 1288 1921 1326 postea
1945 1285 2090 1326 gratissi-

447 1345 514 1365 mos
543 1335 687 1367 invenire
718 1337 891 1377 possimus.
938 1337 995 1367 sed
1026 1338 1103 1368 lieet
1133 1338 1164 1368 in
1189 1337 1248 1368 hae
1272 1340 1364 1378 parte
1390 1340 1519 1368 nostrae
1546 1337 1724 1367 modestiae
1749 1337 1893 1378 gravitas
1918 1340 2092 1373 asseratur,

448 1386 594 1417 nolumus
620 1389 727 1417 tamen
752 1398 809 1418 nos
833 1391 958 1419 tantum
984 1389 1173 1430 praedicari.
1200 1389 1259 1419 nisi
1285 1393 1319 1419 ut
1344 1392 1376 1419 et
1400 1389 1581 1419 devotionis
1602 1389 1771 1419 Romanae
1789 1388 1974 1429 benignitas
1992 1389 2093 1430 possit

445 1438 580 1469 ostendi.
628 1439 699 1480 plus
726 1440 808 1469 enim
835 1444 942 1471 vestra
968 1441 1120 1482 opinione
1146 1441 1318 1482 pascimur.
1344 1452 1438 1482 quam
1464 1441 1489 1471 si
1515 1441 1554 1471 de
1580 1445 1690 1471 nostra
1714 1451 1842 1482 semper
1859 1440 2092 1481 tranquillitate

448 1489 625 1520 laudemur.
672 1491 832 1522 Amovete
858 1492 1060 1533 suspiciones
1086 1492 1125 1522 ab
1151 1492 1262 1522 ordine
1288 1496 1395 1523 vestro
1421 1503 1550 1533 semper
1575 1496 1757 1523 extraneas.
1805 1503 1867 1522 non
1887 1492 1980 1522 decet
1998 1503 2092 1522 sena-

447 1544 514 1571 tum
540 1542 664 1583 corrigi,
691 1543 742 1583 qui
768 1543 866 1573 debet
891 1544 971 1574 alios
998 1548 1133 1585 paterna
1158 1544 1384 1574 exhortatione
1409 1544 1579 1575 moderari.
1627 1555 1698 1574 nam
1723 1555 1763 1575 ex
1788 1544 1904 1585 quibus
1926 1544 2093 1574 habebunt

446 1594 577 1633 genium
602 1604 722 1627 mores,
749 1595 773 1625 si
799 1599 951 1636 parentes
975 1595 1123 1636 publicos
1149 1596 1290 1626 minores
1316 1597 1485 1637 contigerit
1510 1596 1664 1626 inveniri?
1711 1596 1873 1626 sufficiunt
1897 1596 1976 1626 haec
2001 1596 2092 1627 nobi-

406 1650 416 1668 2
450 1644 547 1679 libus,
584 1646 747 1676 sufficiunt
778 1647 841 1677 ista
869 1647 1079 1680 verecundis,
1112 1651 1146 1677 ut
1175 1647 1214 1677 ad
1245 1647 1386 1678 studium
1414 1648 1580 1689 perfectae
1612 1647 1791 1678 devotionis
1821 1648 1990 1678 incitemus
2014 1659 2092 1689 quos

447 1697 613 1737 paululum
645 1697 684 1728 de
716 1709 815 1739 prava
847 1699 1029 1740 suspicione
1060 1699 1270 1740 culpavimus.
1317 1710 1373 1729 nos
1403 1700 1487 1730 enim
1517 1699 1602 1741 quod
1626 1700 1845 1741 praesentiam
1869 1704 2010 1731 vestram
2035 1711 2092 1731 ex-

446 1749 636 1788 petivimus,
672 1760 733 1780 non
758 1751 941 1781 vexationis
965 1751 1129 1787 iniuriam,
1162 1751 1217 1781 sed
1243 1751 1392 1781 utilitatis
1417 1754 1546 1782 vestrae
1572 1762 1686 1782 causas
1713 1751 1871 1792 profunda
1896 1752 2092 1793 cogitatione

448 1801 673 1838 tractavimus,
710 1805 745 1832 ut
777 1802 854 1832 illud
889 1803 992 1843 magis
1026 1802 1225 1833 debuissetis
1259 1804 1407 1837 efficere,
1444 1803 1528 1844 quod
1561 1803 1651 1833 vobis
1684 1804 1893 1844 eognovimus
1926 1803 2091 1845 expedire.

450 1851 546 1883 Certe
581 1864 695 1884 munus
728 1857 778 1884 est
807 1854 917 1885 videre
948 1855 1139 1896 principem.
1186 1855 1247 1885 hoe
1279 1866 1296 1885 a
1328 1855 1417 1885 vobis
1446 1866 1502 1896 pro
1532 1855 1577 1885 rei
1606 1855 1756 1896 publicae
1781 1855 1920 1885 utilitate
1944 1855 2091 1886 volumus

447 1903 532 1938 fieri,
568 1905 652 1945 quod
684 1906 837 1947 praemiis
869 1906 994 1936 solebat
1023 1907 1135 1947 optari.
1183 1906 1237 1936 sed
1267 1917 1307 1937 ne
1338 1907 1409 1948 ipsa
1437 1906 1579 1937 remedia
1604 1907 1635 1936 in
1660 1906 1767 1947 aliqua
1791 1910 1881 1948 parte
1906 1906 2093 1938 viderentur

447 1959 593 1993 austera,
629 1968 699 1987 cum
732 1968 783 1988 res
816 1959 1000 1999 poposcerit
1032 1959 1157 1999 aliquos
1186 1958 1227 1989 ad
1259 1969 1316 1989 nos
1340 1959 1557 2000 praecipimus
1583 1958 1724 1992 evocari,
1756 1962 1791 1989 ut
1815 1969 1874 1990 nee
1898 1959 2002 1989 Roma
2026 1959 2092 1990 suis

448 2007 572 2038 civibus
598 2008 759 2039 enudetur
782 2013 813 2039 et
836 2013 944 2040 nostra
969 2010 1102 2040 consilia
1126 2010 1200 2040 viris
1224 2010 1436 2052 prudentibus
1458 2010 1659 2042 adiuventur.
1706 2010 1823 2041 Redite
1842 2021 1918 2051 ergo
1937 2011 1968 2041 in
1985 2011 2092 2052 pristi-

448 2069 520 2088 nam
546 2059 751 2091 devotionem
777 2065 809 2091 et
834 2061 1068 2092 sollicitudines
1094 2072 1202 2093 meae.
1235 2072 1313 2102 quas
1338 2073 1395 2103 pro
1420 2063 1635 2103 generalitate
1661 2063 1820 2096 sustineo,
1854 2066 1961 2093 vestro
1986 2063 2092 2104 potius

450 2110 642 2142 adiuventur
666 2112 806 2153 ingenio,
832 2114 905 2154 quia
929 2114 988 2144 1100
1014 2113 1103 2143 vobis
1130 2124 1259 2154 semper
1282 2113 1415 2144 insitum
1441 2114 1501 2145 fuit
1525 2113 1722 2155 principibus
1746 2115 1863 2145 vestris
1881 2118 1988 2145 votum
2005 2115 2092 2156 puri—

451 2163 525 2193 tatis
557 2164 673 2194 offerre
708 2175 765 2194 nee
797 2176 910 2206 parere
941 2165 1138 2195 necessitate
1168 2165 1315 2197 terroris,
1350 2165 1407 2195 sed
1436 2166 1541 2207 potius
1571 2176 1679 2196 amore
1709 2165 1915 2196 dominantis.
1969 2166 2094 2207 reliqua

450 2225 507 2254 per
536 2214 649 2245 harum
679 2217 868 2257 portitorem
898 2217 985 2247 illum
1016 2217 1114 2247 verbo
1146 2216 1282 2247 dicenda
1313 2218 1547 2248 commisimus.
1579 2221 1613 2247 ut
1644 2217 1812 2247 summotis
1844 2217 2093 2258 cogitationibus

448 2266 608 2308 ambiguis
632 2268 750 2298 nostris
777 2268 1063 2299 ammonitionibus
1090 2268 1220 2299 eredere
1246 2268 1404 2299 debeatis.

550 2387 840 2418 BZNIx'E('E):H(GJ)
860 2397 907 2412 0711.
928 2397 964 2419 ep,
983 2389 1012 2412 12
1031 2394 1052 2413 el
1074 2389 1104 2413 13
1123 2389 1237 2421 (praeter
1257 2399 1276 2414 r.
1293 2388 1323 2413 14
1342 2399 1408 2421 quae
1427 2405 1459 2407 ἓ
1478 2391 1623 2422 deliquerit)

555 2464 564 2488 1
587 2465 659 2488 nohis
679 2465 705 2488 E
773 2470 824 2489 tam
846 2465 938 2496 felicia]
958 2470 1008 2490 tam
1030 2467 1112 2491 felicia
1133 2471 1191 2491 nota
1213 2467 1267 2493 ΖΝ,
1287 2468 1347 2491 talia
1364 2468 1382 2491 :l
1491 2468 1506 2491 2¹
1524 2468 1624 2500 proficit
1638 2467 1690 2491 EF
1791 2467 1806 2491 3
1826 2468 1927 2499 exigere
1947 2467 2091 2500 potuerunt]

448 2508 517 2531 exire
530 2511 648 2539 poterunt
660 2508 699 2531 Β1
789 2508 804 2532 4
821 2509 943 2533 claritatis
955 2510 995 2532 Za
1082 2510 1097 2533 ὃ
1114 2511 1236 2541 quaedam
1251 2520 1297 2534 om.
1308 2510 1332 2534 B
1389 2511 1577 2542 reprehensibia
1588 2510 1630 2534 Ba
1717 2510 1732 2534 9
1749 2511 1869 2542 ineptam
1880 2510 1905 2534 B
1957 2511 2044 2535 labore
2054 2511 2093 2535 B¹

450 2548 481 2573 10
495 2555 554 2581 post
568 2551 699 2575 interesset
713 2552 926 2583 e.rciditf‹1=2·t‹1.sse
940 2561 1040 2584 parcere
1055 2554 1092 2576 rel
1104 2554 1185 2577 simile
1198 2554 1320 2585 quisldmn.
1410 2553 1440 2578 12
1462 2555 1548 2578 ordine
1562 2554 1604 2577 Ba
1657 2555 1796 2578 decuerunt
1806 2554 1834 2577 F
1919 2552 1950 2578 14
1968 2555 2012 2578 fiet
2024 2554 2095 2579 HG]

500 2594 652 2625 delinquerit
666 2595 694 2624 Z,
713 2595 874 2626 dereliquerit
888 2595 933 2618 Ha
1028 2596 1058 2619 15
1078 2595 1125 2628 res]
1140 2597 1256 2627 fortasse
1274 2605 1313 2621 res
1334 2597 1437 2628 publica
1497 2595 1531 2628 et]
1553 2601 1580 2621 ut
1592 2596 1631 2620 B¹
1723 2595 1752 2620 17
1773 2605 1847 2628 quam
1867 2597 1902 2620 ad
1923 2596 1954 2621 18
1972 2597 2094 2622 soluimus

448 2646 495 2660 υηι.
512 2637 554 2660 Κ1
650 2638 680 2661 18
701 2638 814 2662 beneficii
828 2638 854 2661 A·
944 2637 974 2661 19
992 2639 1056 2662 mod.
1077 2643 1154 2663 nostr.
1170 2639 1196 2662 X
1281 2639 1315 2664 *20
1334 2640 1453 2664 uolumus
1468 2639 1495 2662 A·
1545 2648 1590 2663 nos
1606 2640 1627 2662 A
1682 2643 1705 2663 01
1724 2648 1772 2663 om.
1784 2639 1810 2663 E
1894 2638 1925 2663 21
1946 2644 2030 2665 nostra
2044 2640 2098 2664 EF

498 2689 596 2712 semper
615 2690 661 2704 0711.
682 2682 705 2705 A
821 2680 853 2704 22
872 2682 1033 2705 laudaremur
1054 2682 1106 2705 EI(
1219 2682 1251 2707 '23
1270 2684 1443 2707 cohortatione
1465 2683 1498 2712 E,
1517 2683 1690 2706 colun-tatione
1709 2682 1737 2706 F
1847 2681 1879 2706 24
1898 2684 2050 2715 contingerit
2069 2683 2098 2707 K

448 2722 481 2746 25>
500 2721 557 2755 ista]
579 2724 618 2747 isti
634 2724 659 2747 Ε
721 2733 784 2755 qnos
802 2724 836 2747 ml
854 2723 886 2748 ‘2ss
900 2725 1062 2756 eulpauimus
1077 2733 1124 2748 0711.
1137 2725 1178 2748 J<¹
1279 2725 1311 2749 ⁴26
1331 2726 1462 2758 culpamus
1478 2726 1497 2748 ΔΙ
1566 2723 1641 2757 qumi]
1662 2726 1705 2756 qui
1719 2725 1772 2749 EF
1867 2724 1898 2749 Ξῖ
1919 2727 2057 2758 profundas
2070 2726 2099 2750 N

450 2765 482 2788 29
502 2766 585 2789 minus
600 2766 652 2790 EF
706 2767 759 2790 fieri
778 2767 828 2790 uol.
843 2766 870 2790 F
959 2766 992 2791 32
1010 2767 1072 2791 uiris
1091 2768 1162 2796 (iuris
1176 2768 1210 2794 A)
1229 2767 1312 2800 prud]
1332 2769 1403 2800 prud.
1425 2769 1471 2792 uir.
1486 2768 1531 2791 Ka
1623 2767 1656 2791 33
1675 2766 1711 2799 et]
1731 2772 1760 2792 ut
1775 2768 1876 2792 KEFA
1964 2767 1998 2794 34
2016 2777 2093 2802 semp.

448 2810 505 2832 nob.
529 2809 578 2832 EF
646 2808 771 2841 puritatis]
792 2810 891 2841 pietatis
911 2809 951 2832 ΧΩ
1058 2810 1090 2833 2111
1111 2811 1144 2834 ill.
1166 2811 1219 2835 liar.
1239 2816 1302 2843 port.
1322 2812 1345 2834 A
1451 2809 1483 2835 37
1504 2812 1629 2835 ‹lecheatis
1649 2810 1691 2835 Ba
