2279 3261
472 186 534 215 464
951 182 1164 209 CASSIODORI
1185 181 1406 208 ORATIONVM
1426 180 1632 213 RELIQVIAE.

574 269 612 300 In
637 269 771 301 edendis
794 269 987 311 fragmentis
1013 280 1132 310 sequor
1156 268 1300 300 codicem
1323 268 1362 299 ad
1378 278 1492 299 versus
1517 271 1550 299 et
1573 268 1713 302 litteras:
1737 267 1770 298 in
1786 270 1979 309 apparatum
2004 266 2115 298 defero

472 322 580 352 omnia
603 322 746 352 maxima
774 321 922 359 minima,
950 321 982 352 in
1012 321 1124 363 primis
1149 331 1187 352 ea
1216 330 1299 362 quae
1324 320 1364 351 ad
1388 319 1676 361 palaeographiam
1700 322 1733 350 et
1756 318 1995 350 distinctionem
2020 329 2112 360 spec-

471 376 552 404 tant.
598 373 698 414 signis
721 376 794 403 utor
817 372 921 403 hisce:

628 434 658 464 in
689 435 846 474 apparatu
871 435 918 462 tot
941 432 1135 462 transversis
1160 431 1253 462 lineis
1276 433 1285 470 l
1309 434 1386 473 quot
1409 431 1538 462 litterae
1563 440 1799 471 quamcumque
1828 429 1868 460 ob
1898 440 2028 461 causam
2052 430 2117 471 legi

1308 492 1372 513 non
1396 484 1543 524 possunt,

945 538 1035 566 recta
1059 535 1146 565 linea
1279 533 1281 573 Ι
1307 533 1363 564 ubi
1385 543 1500 564 versus
1525 535 1582 564 aut
1604 532 1674 564 finit
1697 535 1754 564 aut
1775 532 1898 574 incipit,

947 587 1104 617 asterisco
1274 603 1285 616 *
1307 585 1503 626 ubicumque
1533 588 1611 626 quot
1640 584 1771 616 litterae
1804 583 2028 615 interciderint
2054 593 2118 615 non

1306 640 1444 676 constat,

945 689 1132 721 maiusculis
1160 689 1275 719 litteris
1306 699 1363 730 pro
1387 688 1503 719 litteris
1525 686 1742 718 eminentibus
1765 687 1818 718 vel
1841 687 2060 718 eminentibus
2085 690 2119 719 et

1306 739 1581 782 prominentibus,
1616 749 1691 770 nam
1721 741 1850 770 ceterae
1883 749 1995 770 omnes
2023 741 2119 781 prout

1308 802 1360 823 res
1385 791 1644 833 typographicae
1664 790 1814 821 ferebant
1830 791 2021 822 minusculis
2043 791 2118 822 red-

825 875 828 882 .
1310 843 1444 875 duntur:

692 895 722 926 in
748 898 840 925 textu
865 899 913 926 tot
935 895 1063 937 punctis
1272 920 1280 927 .
1304 898 1382 936 quot
1405 894 1438 925 in
1461 896 1620 936 apparatu
1645 894 1839 925 transversis
1864 893 1970 933 lineis,

949 947 1103 978 asterisco
1274 965 1285 977 *
1309 957 1373 988 quo
1397 946 1491 977 modo
1514 946 1547 976 in
1570 948 1728 987 apparatu
1751 948 1835 985 utor,

949 999 1052 1029 tribus
1077 999 1224 1030 astericis
1248 1017 1284 1029 m
1309 999 1341 1029 in
1359 998 1514 1030 extremis
1531 997 1659 1039 paginis
1684 997 1723 1028 iis
1740 1007 1823 1039 quae
1848 1007 1919 1028 cum
1944 997 2118 1038 insequen-

1307 1050 1394 1081 tibus
1418 1060 1482 1082 non
1506 1049 1691 1080 cohaerent.
