2279 3261
781 180 973 207 VARIARVM
996 180 1028 209 V.
1048 180 1071 206 4.
1091 181 1114 205 ἴ).
1135 182 1158 206 6.
1179 180 1202 205 7.
1758 180 1814 208 147

163 271 317 304 veredum
348 270 528 313 praesumit
557 270 732 311 attingere.
764 280 821 311 per
850 279 948 299 unum
980 277 1098 308 equum
1127 270 1255 297 centum
1287 266 1394 296 statim
1425 264 1544 295 solidos
1576 275 1595 295 a
1623 267 1654 295 te
1680 268 1815 305 cogatur

163 324 344 355 exsolvere.
383 326 416 353 et
439 322 479 352 de
504 322 567 352 illis
593 332 720 363 quoquc
744 321 812 362 pari
832 320 1006 351 severitate
1025 329 1208 349 censemus.
1234 318 1286 359 qui
1305 328 1403 358 supra
1422 317 1628 347 evectionum
1648 326 1816 347 numerum

165 376 333 407 cursuales
358 384 458 416 equos
482 384 640 414 usurpare
666 376 887 415 praesumunt.
935 371 1110 413 Parhippis
1136 371 1211 412 quin
1238 370 1334 400 ctiam
1360 380 1422 399 non
1447 369 1533 399 ultra
1562 379 1656 410 quani
1686 371 1815 398 centum

164 428 262 459 libras
286 427 434 458 iubemus
458 426 590 467 imponi.
636 426 732 456 nimis
758 425 843 456 0111111
868 423 1041 455 absurdum
1067 426 1130 457 est.
1164 426 1197 453 ut
1221 433 1240 452 a
1264 432 1325 463 quo
1350 421 1500 452 celeritas
1525 420 1666 461 exigitur
1689 420 1816 460 magnis

164 479 360 521 ponderibus
385 478 594 520 opprimatur.
641 478 709 508 avis
736 477 806 519 ipsa
830 487 928 508 onere
953 478 1089 517 gravata
1113 475 1279 516 pigrescit.
1320 474 1450 504 carinae
1475 483 1557 514 quae
1583 472 1727 503 laborem
1752 481 1812 501 non
1847 478 1857 493 -‘›

165 531 311 562 sentiunt
334 530 481 572 repletae
505 529 635 571 gravius
660 532 840 560 moventur.
881 527 955 569 quid
981 526 1165 568 quadrupes
1191 526 1298 556 facere
1324 526 1435 567 possit.
1462 525 1513 566 qui
1539 534 1672 566 pressus
1697 524 1812 554 nimic-

164 586 231 614 tate
266 582 467 613 succumbit?
522 582 547 611 si
580 582 650 622 quis
683 584 791 612 autom
823 591 842 611 a
869 579 998 611 modulo
1030 578 1162 609 definito
1195 578 1334 619 amplius
1366 577 1463 608 fucrit
1500 576 1621 607 habere
1657 579 1815 617 repertus.

165 635 300 666 duarum
324 634 492 665 unciarum
518 633 587 663 auri
613 633 731 664 damno
760 633 904 663 feriatur.
951 630 1056 666 Quam
1085 640 1243 660 summam
1272 630 1417 671 protinus
1447 632 1610 659 exactam.
1641 628 1723 658 sicut
1755 628 1817 658 iam

166 685 380 718 anterioribus
406 685 522 716 edictis
547 685 759 715 constitutum
785 688 844 721 est,
870 694 927 726 per
951 683 1093 713 officium
1118 682 1325 723 magisteriae
1351 681 1517 722 diguitatis
1536 679 1644 710 cursui
1662 680 1817 721 proficere

165 739 285 770 debere
310 748 492 769 censemus.
537 737 657 767 iustum
687 740 737 767 cst
768 737 854 767 enim
883 739 919 766 ut
950 738 1086 776 cogatur
1114 734 1169 765 illa
1198 733 1355 771 vendere,
1387 732 1472 763 unde
1502 731 1665 774 publicum
1698 741 1815 772 equum

165 791 250 822 male
274 790 420 821 noscitur
443 799 611 820 onerasse:
639 789 679 819 sit
704 788 904 819 nuditatibus
930 786 1102 828 expeditus
1128 786 1182 827 qui
1206 786 1373 816 voluntate
1399 784 1500 815 noluit
1525 794 1598 814 csse
1621 783 1818 814 celerrimus.

165 845 337 885 praeterea
361 852 618 878 commonemus,
649 844 684 871 ut
712 840 971 882 praepositorum
996 837 1164 869 commoda
1187 848 1251 868 nou
1276 847 1468 879 praesumas
1493 846 1553 866 nec
1583 834 1734 876 quicquid
1763 845 1818 865 eos

166 894 338 936 potestatis
362 893 483 924 habere
508 892 688 923 reverenda
713 893 822 923 sanxit
845 890 1036 932 antiquitas,
1066 890 1175 931 aliqua
1199 889 1411 930 usurpatione
1436 888 1603 929 degenies
1650 897 1707 917 nos
1734 887 1818 917 enim

166 956 224 988 per
252 948 284 976 te
315 945 481 986 geminare
507 945 656 975 volumus
688 943 880 977 custodiam.
911 953 975 973 non
1003 941 1156 983 antiquae
1181 940 1426 972 consuetudinis
1452 950 1621 971 removere
1647 939 1818 970 cautelam.

964 1080 1022 1111 vl.

474 1150 761 1183 STABULARIO
788 1150 1037 1181 COMITIAco
1062 1148 1383 1180 THEODERICUS
1408 1148 1511 1179 REX.
1643 1164 1820 1205 &5233526

272 1221 487 1263 Suscipienda
511 1221 656 1263 precatio
681 1224 731 1251 est
755 1230 836 1260 quac
860 1219 999 1260 publicis
1024 1219 1218 1250 utilitatibus
1251 1229 1314 1249 non
1344 1221 1505 1259 repugnat
1535 1221 1566 1248 et
1595 1216 1822 1258 amplectenda

168 1273 329 1305 desideria
360 1273 576 1315 privatorum,
606 1283 689 1314 quae
720 1272 766 1302 sic
791 1271 970 1302 remedium
996 1273 1169 1312 quaerunt.
1201 1274 1235 1301 ut
1259 1270 1352 1300 nobis
1377 1280 1441 1300 non
1466 1269 1637 1299 videantur
1661 1278 1820 1309 generare

168 1325 383 1368 dispendium.
433 1325 491 1356 viri
527 1325 638 1365 itaque
675 1324 845 1355 clarissimi
878 1324 1031 1354 Iohannis
1067 1323 1198 1365 querela
1234 1323 1449 1364 comperimus
1480 1321 1672 1353 Thomatcm
1707 1321 1821 1352 domus

166 1381 299 1409 nostrae
330 1380 419 1408 certa
448 1376 584 1419 praedia
613 1376 813 1417 suscepisse,
844 1375 875 1406 id
905 1379 954 1406 est
978 1375 1058 1405 illud
1082 1379 1179 1416 atque
1204 1374 1298 1411 illud.
1330 1378 1362 1405 et
1386 1385 1469 1405 nunc
1494 1373 1608 1404 decem
1634 1373 1720 1403 milia
1745 1372 1821 1403 soli—

168 1430 281 1461 dorum
314 1430 545 1471 reliquatorem
577 1428 696 1459 nostris
731 1428 926 1458 utilitatibus
961 1427 1111 1458 extitisse
1145 1430 1177 1457 et
1212 1437 1270 1468 per
1304 1426 1450 1457 diversas
1485 1425 1723 1456 ludificationes
1758 1435 1822 1455 non

168 1482 303 1524 implere
329 1481 472 1512 debitam
497 1480 723 1522 quantitatem,
754 1479 838 1521 quod
862 1478 947 1521 apud
971 1489 1030 1509 1105
1055 1489 1183 1520 quoque
1208 1489 1380 1520 procerum
1404 1480 1588 1508 nostrorum
1612 1477 1822 1518 suggestione

168 1533 355 1576 perclaruit.
402 1532 547 1574 Ideoque
573 1542 705 1563 causam
728 1531 785 1562 tali
817 1530 1013 1562 credidimus
1043 1529 1184 1561 remedio
1212 1529 1437 1567 muniendam,
1467 1532 1503 1560 ut
1532 1529 1717 1560 universam
1748 1527 1823 1559 sub-

169 1586 323 1617 stantiam
348 1584 526 1627 supradicti
543 1583 710 1614 Thomatis
735 1583 793 1614 sub
819 1583 879 1613 hac
905 1582 1095 1614 condicione
1119 1581 1193 1612 fixis
1217 1582 1319 1612 titulis
1344 1581 1474 1623 publico
1499 1580 1622 1612 debeas
1648 1580 1823 1622 applicare.

168 1640 343 1680 quatenus⁷
375 1637 402 1668 si
432 1637 516 1667 intra
546 1636 610 1667 kal.
641 1634 883 1677 Septembrium
914 1634 1000 1665 diem
1031 1633 1116 1675 quod
1145 1633 1381 1664 rationabiliter
1411 1634 1586 1674 exponitur
1614 1643 1632 1663 a
1663 1632 1823 1663 Thomate

165 1690 297 1721 minime
321 1689 420 1721 fuerit
444 1689 641 1725 exsolutum,
670 1688 839 1729 praedicta
863 1687 1047 1718 substantia
1062 1686 1198 1717 Iohanni
1223 1686 1291 1716 viro
1317 1685 1499 1716 clarissimo
1525 1684 1743 1721 contradatur,
1769 1683 1823 1724 qui

168 1742 236 1773 eius
271 1741 418 1773 debitum
451 1741 540 1772 luere
574 1743 686 1771 nostro
718 1739 866 1781 promisit
897 1739 1032 1770 aerario.
1079 1738 1163 1779 quod
1197 1739 1221 1768 si
1254 1738 1484 1779 obligationem
1517 1747 1607 1768 suam
1638 1735 1824 1778 praedictus

167 1793 310 1825 Thomas
334 1793 460 1824 solvere
484 1792 570 1823 intra
598 1792 804 1833 praefinitum
834 1794 961 1832 tempus
992 1790 1129 1820 fortasse
1160 1790 1314 1831 potuerit.
1344 1789 1497 1820 universa
1528 1788 1556 1819 ei
1585 1798 1667 1829 quae
1697 1787 1825 1818 sublata

169 1848 244 1876 sunt
272 1844 399 1876 illibata
427 1844 612 1880 reddantur.
642 1844 686 1874 ita
716 1846 751 1874 ut
779 1854 839 1874 nec
869 1843 967 1873 fiscus
992 1845 1101 1873 noster
1126 1842 1287 1873 sustinere
1312 1841 1459 1872 videatur
1482 1839 1687 1871 incommoda
1712 1842 1744 1869 et
1767 1849 1825 1869 nos

168 1907 403 1938 cognoscamur
421 1896 574 1928 subiectis
593 1896 721 1927 solitam
741 1895 946 1937 praestitisse
964 1894 1130 1925 iustitiam.
1169 1904 1340 1935 possemus
1358 1893 1442 1924 enim
1461 1891 1566 1922 adhuc
1583 1891 1668 1921 ultra
1684 1890 1824 1923 differre.

169 1949 195 1980 si
219 1948 294 1990 quid
320 1948 494 1991 prodesset
518 1948 843 1989 neglegentissimum
869 1947 1040 1978 sustinere.
1067 1956 1162 1987 quem
1187 1957 1245 1988 per
1269 1949 1335 1977 tam
1360 1945 1492 1986 longum
1510 1943 1665 1985 temporis
1684 1943 1823 1984 spatium

169 2011 300 2043 semper
324 2000 506 2032 invenimus
531 1999 739 2041 imparatum.

958 2092 1035 2123 vn.

486 2162 682 2195 IOHANNI
703 2155 745 2193 V-
766 2155 805 2193 o·
832 2161 1033 2192 ARCARIO
1059 2159 1381 2192 THEODERIOUS
1409 2158 1509 2190 REX.
1642 2185 1671 2205 a·
1690 2174 1826 2214 5257525

274 2232 381 2264 Decet
405 2243 515 2264 eorum
540 2236 616 2263 vota
640 2231 671 2262 in
697 2234 800 2262 ratum
825 2230 971 2268 reddere.
997 2231 1051 2271 qui
1075 2230 1199 2261 malunt
1215 2230 1374 2260 utilitates
1394 2228 1541 2271 publicas
1560 2227 1740 2258 continere:
1765 2236 1825 2256 nec

170 2285 311 2327 patimur
341 2284 381 2316 de
412 2285 529 2316 damno
558 2284 688 2326 proprio
720 2294 793 2315 esse
825 2283 995 2322 sollicitos,
1026 2282 1079 2324 qui
1107 2293 1164 2313 1105
1194 2292 1213 2313 a
1236 2281 1415 2323 dispendiis
1445 2280 1552 2312 fecere
1584 2288 1725 2310 securos.
1772 2280 1827 2307 tua

274 2405 451 2438 LRKPEOE)

279 2484 291 2508 1
311 2484 453 2509 uerendum
464 2483 533 2507 KPa
584 2486 749 2515 praesumunt
763 2481 803 2504 Ea
884 2480 900 2504 3
914 2480 1054 2513 parhippis]
1070 2480 1236 2510 L²RI<P⁴1ffi
1255 2481 1393 2512 parliippus
1404 2479 1426 2504 L
1435 2480 1453 2506 ¹,
1472 2479 1598 2512 patliippis
1609 2478 1641 2503 Ε.
1659 2478 1785 2510 paliyppis
1797 2477 1828 2502 F.

172 2527 303 2560 parphipis
318 2527 358 2550 Ar
429 2534 507 2558 quam
527 2535 574 2550 om.
588 2525 616 2549 F
717 2524 732 2548 ὃ
752 2524 852 2548 labores
866 2524 903 2547 A&
1009 2523 1022 2547 ’ἰ
1043 2524 1218 2548 succumbitur
1233 2523 1261 2547 K
1329 2531 1343 2547 a
1363 2522 1496 2547 delendum
1605 2522 1620 2544 δ’
1640 2521 1788 2544 nuntiarum
1802 2520 1830 2543 K

172 2568 205 2594 10
218 2570 309 2594 debere
322 2578 370 2594 om.
382 2569 410 2594 F
489 2569 519 2594 11
539 2569 701 2601 cognoscitur
711 2567 793 2591 KJL'F
874 2565 903 2590 13
923 2565 1050 2599 degenies]
1066 2564 1329 2599 LRK³[?]P,2121··1³>‚
1348 2566 1492 2598 degeiuines
1503 2564 1556 2591 Kb.
1575 2565 1685 2595 deneges
1698 2562 1824 2587 EFA²'(¹‘’

172 2617 194 2638 et
211 2614 248 2638 ila
263 2613 380 2638 C‘uiacius
469 2612 502 2638 14
520 2611 657 2644 cautelam]
678 2611 820 2636 custodiam
831 2610 855 2634 Ι)
942 2609 973 2634 1ss
992 2614 1029 2634 est
1048 2619 1114 2643 pree.
1126 2610 1153 2634 F
1240 2609 1270 2634 17
1290 2611 1325 2634 sic
1345 2608 1493 2639 remedium]
1514 2608 1580 2632 sicut
1594 2616 1612 2632 r.
1626 2607 1793 2631 communiter
1804 2606 1831 2630 F

173 2654 205 2680 18
224 2657 255 2680 cl.
275 2657 301 2680 it.
315 2656 340 2680 P
403 2657 525 2681 toniatem
542 2656 575 2680 Κ.
600 2655 694 2679 toniatc
709 2654 736 2678 F
833 2652 864 2677 19
884 2652 980 2685 decem]
1003 2654 1033 2678 ad
1054 2654 1139 2678 decem
1160 2654 1247 2685 Meyer
1268 2654 1310 2686 (cf.
1326 2663 1354 2685 p.
1372 2651 1427 2682 148,
1439 2652 1465 2678 3)
1566 2650 1596 2674 *21
1617 2648 1694 2681 quod]
1719 2650 1762 2682 qui
1779 2649 1828 2674 Pa.

172 2708 239 2731 quae
254 2699 293 2723 Ar
387 2698 421 2723 22
440 2700 594 2732 praeclaruit
608 2698 663 2723 KF
719 2698 844 2721 credimus
858 2696 961 2721 KEFA
1056 2696 1089 2721 23
1109 2696 1220 2729 publico]
1241 2697 1289 2721 iuri
1309 2706 1332 2729 p.
1346 2696 1374 2720 F
1466 2693 1499 2718 24
1518 2694 1583 2718 iufra
1598 2693 1624 2717 F
1683 2691 1826 2725 exponitur]

172 2743 318 2774 exposcitur
330 2742 419 2774 ssleyer
506 2741 538 2766 ‘27
553 2742 713 2775 praefinitum
732 2739 843 2773 teinpus]
864 2740 996 2772 praefinito
1016 2753 1062 2764 *m
1076 2740 1124 2771 Pa!
1144 2741 1300 2772 praedictum
1317 2744 1334 2764 t.
1346 2739 1374 2763 F
1458 2738 1491 2762 28
1510 2742 1593 2761 nostre
1607 2736 1635 2760 Κ
1720 2735 1752 2759 29
1771 2736 1827 2759 5011-

172 2788 225 2809 tam
244 2794 292 2810 om.
306 2785 335 2809 K
394 2784 470 2817 euim]
491 2790 516 2809 et
529 2785 555 2809 E
649 2783 682 2809 30
700 2782 730 2815 si]
751 2784 794 2808 sed
809 2783 837 2807 l<
896 2783 996 2815 prodest
1009 2783 1036 2806 E
1096 2783 1182 2815 logum
1198 2783 1224 2806 J<
1321 2782 1354 2807 33
1373 2783 1398 2806 111
1419 2779 1510 2811 ratum]
1525 2778 1618 2809 E2F²‚
1636 2779 1764 2810 ingratum
1779 2777 1828 2801 F¹.

175 2828 200 2852 iu
219 2832 319 2854 tautum
340 2828 538 2857 LRKaPEm,
561 2828 688 2852 interdum
708 2826 752 2851 Kb
857 2825 891 2851 34
911 2826 1030 2850 sollicitas
1050 2826 1094 2850 Ka

1620 2867 1671 2893 19*

1838 738 1860 755 10

1841 1153 1863 1171 15

1841 1430 1866 1449 20

1843 1689 1867 1708 25

1844 1949 1868 1967 :30
