2279 3261
959 759 984 789 Ι.

521 827 629 858 REGI
655 827 943 859 VVARNORUM
968 828 1290 860 THEODERIOUS
1315 829 1417 861 REX.
1614 858 1643 878 α·
1661 849 1797 886 :3215ssst

249 897 328 927 Cum
354 897 455 938 piceis
481 896 651 927 timbribus
678 900 709 927 et
735 908 851 938 pucros
877 899 989 939 gentili
1016 898 1156 929 candore
1183 899 1382 935 relucentes,
1416 899 1549 940 spathas
1575 899 1668 929 nobis
1697 900 1794 930 etiam

144 960 234 980 arma
259 949 448 979 desecantes
474 952 582 979 vestra
608 949 795 979 fraternitas
821 949 1008 984 destinavit,
1040 950 1125 981 ferro
1156 951 1258 992 magis
1289 961 1383 991 quam
1416 951 1484 981 auri
1518 951 1620 992 pretio
1651 951 1795 982 ditiores.

145 1000 296 1043 splendet
325 1000 390 1031 illic
420 1000 549 1031 claritas
574 1001 731 1041 expolita,
763 1004 798 1031 ut
823 1001 1015 1032 intuentium
1041 1002 1140 1032 facies
1165 1002 1251 1033 fideli
1276 1003 1416 1044 puritate
1441 1003 1629 1037 restituant,
1660 1014 1794 1044 quarum

144 1053 307 1093 margines
332 1052 362 1082 in
387 1055 517 1082 acutum
543 1052 599 1081 tali
624 1052 821 1093 aequalitate
847 1052 1065 1086 descendunt,
1096 1057 1131 1084 ut
1155 1065 1218 1084 non
1247 1054 1330 1085 limis
1361 1054 1573 1095 compositae,
1605 1054 1661 1084 sed
1690 1055 1795 1095 igneis
1828 1063 1838 1078 f·

144 1104 330 1135 fornacibus
356 1103 530 1134 credantur
552 1104 687 1134 effusae.
727 1104 840 1134 harum
858 1104 963 1135 media
980 1105 1123 1146 pulchris
1142 1106 1242 1136 alveis
1261 1110 1416 1137 excavata
1436 1106 1629 1147 quibusdam
1648 1106 1796 1137 videntur

144 1157 278 1198 crispari
295 1166 390 1197 posse
409 1156 607 1186 vermiculis:
634 1155 687 1186 ubi
705 1159 795 1187 tanta
812 1157 980 1187 varietatis
998 1157 1113 1188 umbra
1138 1158 1290 1188 conludit.
1316 1162 1350 1188 ut
1374 1158 1531 1188 intextum
1557 1158 1659 1198 magis
1684 1158 1796 1189 credas

144 1208 241 1239 variis
267 1207 431 1238 coloribus
458 1207 599 1238 lucidum
626 1208 803 1239 metallum.
850 1208 921 1239 Hoc
948 1213 1055 1239 vestra
1086 1210 1168 1240 cotis
1200 1209 1372 1251 diligenter
1404 1209 1570 1241 emundat.
1604 1209 1663 1240 hoc
1687 1213 1796 1241 vester

144 1259 428 1302 splendidissimus
460 1260 566 1300 pulvis
598 1260 643 1290 ita
672 1259 867 1291 industriose
898 1260 1051 1301 detergit,
1084 1265 1118 1291 ut
1148 1262 1314 1302 speculum
1349 1261 1508 1302 quoddam
1534 1261 1674 1292 virorum
1700 1261 1797 1292 faciat

142 1312 282 1343 ferream
313 1312 433 1349 lucem,
467 1312 519 1352 qui
546 1311 618 1342 ideo
643 1312 768 1353 patriae
793 1316 920 1343 vestrae
946 1315 1061 1342 natura
1087 1313 1244 1354 largiente
1270 1323 1444 1344 concessus
1470 1317 1533 1344 est.
1567 1317 1601 1343 ut
1626 1313 1719 1343 huius
1746 1313 1790 1343 rei

143 1365 327 1406 opinionem
352 1364 444 1394 vobis
469 1363 592 1394 faceret
617 1364 830 1404 singularem:
868 1374 976 1397 enses.
1008 1365 1061 1405 qui
1092 1365 1332 1406 pulchritudine
1372 1365 1420 1395 sui
1444 1368 1599 1405 putentur
1623 1374 1695 1395 esse
1713 1364 1794 1395 Vul-

144 1416 226 1449 cani,
251 1416 304 1457 qui
329 1418 420 1446 tanta
444 1416 609 1456 elegantia
633 1415 762 1446 fabrilia
787 1416 875 1446 visus
901 1419 949 1446 est
975 1416 1137 1453 excolere,
1162 1420 1197 1446 ut
1222 1416 1306 1457 quod
1332 1417 1401 1447 eius
1419 1416 1566 1447 manibus
1584 1416 1795 1451 formabatur,

144 1478 207 1498 non
233 1478 311 1509 opus
336 1467 532 1503 mortalium,
559 1467 614 1498 sed
641 1467 828 1498 crederetur
854 1478 926 1498 esse
951 1467 1102 1499 divinum.
1143 1468 1283 1499 Proinde
1308 1479 1366 1510 per
1389 1468 1479 1498 illum
1505 1472 1537 1499 et
1562 1469 1652 1499 illum
1669 1469 1797 1509 legatos

143 1522 269 1550 vestros
302 1519 466 1551 solventes
503 1519 632 1550 debitae
673 1519 880 1550 salutationis
915 1521 1066 1551 affectum
1101 1531 1189 1551 arma
1222 1524 1329 1551 vestra
1361 1521 1501 1551 libenter
1538 1531 1595 1551 nos
1630 1520 1797 1562 accepisse

144 1571 356 1609 declaramus,
382 1582 463 1612 quae
482 1571 585 1602 bonae
604 1572 692 1613 pacis
718 1571 825 1602 studia
849 1572 1113 1603 transmiserunt:
1140 1572 1397 1603 vicissitudinem
1423 1572 1564 1603 muneris
1590 1583 1646 1614 pro
1671 1583 1795 1614 expen-
1831 1580 1840 1597 s*

144 1634 250 1654 sarum
282 1627 465 1654 vestrarum
502 1623 761 1654 consideratione
798 1624 997 1654 tribuentes.
1034 1634 1115 1664 quae
1152 1627 1276 1654 tantum
1312 1624 1404 1655 vobis
1441 1624 1617 1655 reddantur
1652 1628 1795 1665 accepta,

143 1679 296 1716 quantum
321 1676 413 1706 nobis
444 1678 553 1707 vestra
582 1675 673 1706 fuere
705 1675 901 1716 gratissima.
947 1678 1114 1716 praestent
1145 1675 1254 1706 divina
1284 1675 1504 1708 concordiam.
1537 1679 1571 1706 ut
1602 1676 1683 1707 haec
1713 1676 1798 1707 inter

143 1738 199 1758 nos
235 1734 328 1769 grata
360 1730 468 1758 mente
504 1727 663 1758 facientes
699 1727 844 1768 gentium
881 1730 1060 1758 nostrarum
1093 1728 1176 1758 velle
1213 1728 1385 1769 iungamus
1421 1732 1452 1759 et
1488 1728 1626 1759 invicem
1666 1728 1796 1758 solliciti

143 1781 261 1811 mutuis
286 1780 447 1822 possimus
472 1779 665 1810 utilitatibus
692 1779 839 1820 obligari.

948 1874 990 1904 11.

654 1943 813 1974 nestris
837 1942 1157 1974 THEODERicus
1182 1943 1283 1975 REX.
1611 1971 1640 1990 α,
1660 1962 1796 1991 523‘520.

245 2013 305 2044 Illo
331 2017 363 2044 et
387 2014 442 2045 illo
468 2014 586 2055 legatis
610 2014 724 2044 vestris
744 2012 949 2044 venientibus
967 2012 1090 2054 grande
1109 2023 1165 2043 vos
1184 2013 1325 2043 studium
1344 2013 1478 2044 notitiae
1497 2016 1625 2043 nostrae
1643 2013 1795 2043 habuisse

143 2066 364 2106 cognovimus,
389 2066 472 2096 utin
491 2066 613 2096 Oceani
631 2065 779 2095 litoribus
797 2065 963 2095 constituti
985 2075 1056 2095 cum
1082 2068 1193 2095 nostra
1218 2068 1326 2095 mente
1352 2065 1544 2105 iungamini:
1572 2065 1679 2095 suavis
1705 2065 1796 2095 nobis

143 2117 315 2148 admodum
346 2121 378 2149 et
402 2121 495 2159 grata
520 2117 643 2159 petitio,
675 2120 709 2147 ut
734 2116 774 2147 ad
798 2127 854 2147 vos
879 2116 1064 2158 perveniret
1089 2117 1175 2147 fama
1200 2120 1319 2153 nostra,
1350 2117 1391 2148 ad
1416 2128 1495 2158 quos
1520 2117 1609 2148 nulla.
1633 2118 1795 2158 potuimus

143 2169 309 2201 destinare
341 2170 503 2201 mandata.
551 2173 657 2200 amate
682 2169 745 2200 iam
771 2169 951 2209 cognitum,
982 2179 1078 2210 quem
1103 2169 1284 2210 requisistis
1311 2169 1494 2200 ambienter
1519 2170 1674 2210 ignotum.
1722 2180 1795 2199 nam

1812 1321 1834 1338 11)

1815 1952 1839 1968 2¹0

143 2221 227 2252 inter
254 2225 301 2252 tot
330 2224 445 2263 gentes
475 2222 557 2252 viam
589 2231 798 2263 praesumere
830 2231 893 2251 non
919 2224 969 2251 est
993 2220 1116 2261 aliquid
1140 2220 1234 2251 facile
1261 2221 1462 2263 concupisse.
1509 2221 1550 2251 Et
1574 2221 1647 2252 ideo
1673 2221 1792 2251 saluta-
1815 2229 1838 2245 ·-’-’·

142 2274 229 2304 tione
254 2284 311 2304 vos
337 2274 516 2304 affectuosa
539 2273 740 2315 requirentes
765 2272 944 2303 indicamus
976 2272 1101 2306 sucina,
1136 2283 1219 2313 quae
1244 2283 1262 2303 a
1287 2273 1377 2303 vobis
1402 2284 1461 2314 per
1486 2273 1597 2303 harum
1623 2273 1794 2314 portitores

144 2324 269 2356 directa
292 2328 376 2363 sunt7
400 2329 491 2366 grato
517 2325 624 2356 animo
651 2325 752 2355 fuisse
777 2327 938 2366 suscepta.
979 2334 1061 2365 quae
1087 2324 1127 2354 ad
1152 2334 1209 2355 vos
1228 2324 1351 2355 Oceani
1375 2325 1461 2355 unda
1486 2324 1689 2355 descendens
1714 2324 1795 2355 hanc

143 2380 341 2412 levissimam
372 2380 601 2417 substantiam,
635 2379 717 2409 sicut
749 2382 780 2409 et
813 2380 991 2408 vestrorum
1024 2377 1137 2408 relatio
1171 2376 1376 2407 continebat.
1414 2379 1579 2418 exportat:
1621 2375 1678 2407 sed
1709 2376 1794 2407 unde

246 2500 421 2533 LRKPEH‘)

246 2579 261 2604 ‘2
282 2580 430 2612 cymbribus
445 2579 493 2609 ΕΙ,
512 2579 645 2611 ymbribus
658 2577 709 2607 E‘2,
728 2577 853 2601 imbribus
868 2575 895 2600 F
956 2574 1056 2607 gentili]
1076 2576 1171 2608 geniali
1189 2575 1240 2599 Uzti.
1313 2574 1463 2607 relucentes]
1484 2575 1598 2599 lucentes
1612 2574 1665 2599 EF
1726 2582 1794 2606 span

143 2624 200 2647 ibas
220 2623 251 2653 Ρ,
276 2627 300 2648 et
324 2623 428 2655 spathas
449 2623 485 2646 A?
578 2626 609 2646 et.
634 2622 691 2645 nub.
713 2621 737 2645 R
865 2618 880 2643 ‘3
906 2622 1049 2643 resecantes
1069 2618 1097 2642 F
1184 2619 1267 2650 magis
1292 2627 1339 2642 om.
1360 2618 1397 2642 A&
1490 2619 1547 2642 auri
1573 2616 1662 2650 pretio]
1689 2625 1752 2641 auro
1774 2616 1795 2639 H

143 2665 159 2690 4
178 2666 322 2696 elarilritas
337 2666 365 2690 K
433 2666 559 2698 expoliata
573 2665 597 2689 P
666 2663 703 2696 ut]
724 2664 768 2688 ubi
782 2663 835 2687 EF
937 2661 952 2686 6
971 2663 1112 2686 somatibus
1128 2662 1152 2686 P
1255 2661 1268 2685 7
1289 2662 1422 2686 uarietatis
1442 2662 1530 2686 umbra
1552 2661 1680 2685 emieludit
1695 2659 1793 2685 RKAe.

144 2710 256 2734 uarietas
274 2710 391 2734 umbram
411 2709 539 2733 concludit
561 2709 677 2734 (includit
692 2707 730 2733 F)
745 2706 798 2731 EF
888 2706 904 2729 8
923 2704 1063 2735 metallum]
1083 2706 1162 2729 fuisse
1182 2714 1214 2729 m.
1228 2705 1270 2729 F2
1328 2705 1466 2737 diligunter
1483 2704 1506 2728 Κ
1599 2703 1614 2727 9
1635 2703 1757 2727 industrie
1773 2702 1795 2725 In*

146 2752 174 2776 ll
193 2753 267 2777 nobis
281 2753 359 2777 faciat
370 2753 407 2776 21ss
456 2753 524 2777 ensis
536 2752 576 2776 Pa
624 2760 669 2775 sna
684 2751 746 2775 Par
796 2749 907 2774 uulcanii
921 2748 1001 2772 LRK
1083 2748 1113 2772 13
1132 2747 1184 2781 per]
1200 2748 1307 2779 PEFA,
1328 2757 1375 2771 om.
1390 2747 1469 2771 LRJ(
1552 2746 1581 2770 14
1594 2752 1692 2770 nostros
1706 2745 1794 2769 EFAe

195 2796 289 2820 affeetu
309 2795 332 2819 R
403 2804 448 2819 nos
467 2795 509 2819 lib.
532 2795 584 2819 EF
688 2793 718 2818 16
738 2797 822 2817 uestra
844 2792 882 2816 L²
987 2790 1019 2815 21
1040 2792 1133 2816 nostris
1153 2791 1181 2815 F
1248 2792 1342 2816 habere
1357 2791 1384 2815 F
1485 2789 1517 2814 24
1537 2790 1695 2821 ambigenter
1708 2788 1795 2812 Jx'PAr

143 2836 176 2862 ‘25
196 2838 322 2862 salutione
342 2838 366 2862 I'
469 2838 502 2863 26
522 2838 650 2862 affectiosa
673 2837 693 2860 J,
800 2835 832 2860 ’Ξῖ
853 2843 919 2859 susc.
941 2837 1011 2859 fuiss,
1032 2834 1111 2859 ΒΕΓ

1860 2223 1877 2251 Ιύ
