2279 3261
408 183 430 207 X
437 181 553 207 XXVIII
1109 177 1335 204 PROOEMIVM.

403 274 451 305 vel
476 275 516 305 28
544 273 583 304 ad
614 284 640 304 a.
663 273 724 305 532
749 272 819 303 Oct.
845 272 883 303 15
906 270 957 302 vel
981 272 1031 303 25.
1080 270 1111 301 111
1145 270 1194 301 1115
1228 271 1363 302 numeris
1398 271 1587 302 confirmatis
1619 283 1637 303 a
1665 272 1753 303 libris
1788 284 1865 315 quos
1900 273 2050 305 habemus

403 335 546 365 omnibus
569 345 756 376 quamquam
779 333 829 363 hic
853 333 917 363 illic
940 332 1073 363 minores
1097 333 1345 374 computantium
1368 332 1608 364 scribentiumvc
1630 343 1747 363 errores
1771 332 2051 375 deprehenduntur,

401 405 453 425 eos
477 405 538 425 non
561 394 652 435 longe
675 405 693 424 a
710 393 793 424 veris
817 393 958 424 aberrare
978 393 1115 425 ostendit
1134 394 1327 436 epitaphium
1343 394 1494 425 Bonifatii
1518 394 1623 434 (Rossi
1646 395 1737 426 inser.
1752 395 1857 426 christ.
1872 394 1891 425 I
1905 407 1935 426 n.
1949 396 2051 432 1029),

401 453 483 484 sedis
513 465 609 484 annos
637 458 667 483 et
695 452 760 484 dies
784 453 983 492 confirmans,
1013 453 1094 485 diem
1118 454 1323 496 depositionis
1347 454 1464 486 habens
1489 466 1514 485 a.
1531 456 1592 487 532
1617 454 1707 487 XVI
1729 454 1759 485 k.
1785 455 1868 487 Nov.
1891 454 1974 494 (Oct.
1993 456 2051 494 17).

400 518 481 544 recte
503 513 598 555 igitur
620 513 818 544 Duchesnius
843 514 946 555 (praef.
970 526 999 556 p.
1016 513 1166 554 CCLXI)
1189 526 1334 547 numeros
1357 515 1492 546 restituit
1514 515 1572 546 sic:

556 589 710 621 Iohannes
825 592 863 623 13
886 591 969 633 Aug.
995 593 1057 624 523
1072 611 1109 614 -
1127 594 1165 625 18
1189 592 1266 624 Mai.
1301 594 1362 625 526
1386 604 1413 624 a.
1435 592 1472 623 H
1531 591 1687 625 m.VH]]
1710 591 1739 623 (1.
1762 592 1853 625 XV1

556 650 645 681 Felix
669 650 741 681 ΠΠ
827 653 864 683 12
887 651 947 683 Iul.
994 654 1055 685 526
1071 654 1163 684 -22
1189 652 1273 694 Sept.
1297 654 1359 685 530
1383 664 1409 684 a.
1432 651 1505 683 ΠΠ
1529 651 1616 683 111.Π
1708 651 1738 684 (1.
1761 652 1833 683 XII

554 710 730 741 Bonifatius
754 711 789 741 ΙΙ
820 713 860 743 22
886 711 969 754 Sept.
994 714 1056 745 530
1071 732 1111 735 —
1127 714 1164 745 17
1190 713 1261 744 Oct.
1297 715 1358 745 532
1383 725 1409 744 a.
1432 713 1468 744 H
1706 713 1735 744 (1.
1758 713 1884 746 XXVI

398 799 488 829 quam
519 788 558 818 ob
588 799 650 818 rem
681 788 879 820 statuendum
907 795 955 821 est
982 790 1117 821 Felicem
1149 802 1220 822 vere
1247 802 1264 822 a
1294 791 1466 822 fautoribus
1495 791 1559 822 suis
1589 795 1722 822 creatum
1751 802 1818 822 esse
1847 801 1882 821 eo
1911 791 1973 821 fere
2002 790 2051 822 die

398 859 488 889 quem
517 848 595 879 liber
625 848 811 890 pontificalis
847 849 964 881 indicat
995 862 1100 881 mense
1128 850 1228 888 Iulio;
1262 851 1424 882 resistente
1454 851 1587 881 factione
1615 850 1747 882 adversa
1777 854 1916 881 senatum
1947 850 1984 881 de
2015 861 2051 881 eo

397 908 608 939 confirmando
637 908 844 948 dubitavisse;
879 921 980 951 regem
1015 911 1120 953 paullo
1155 916 1225 942 aute
1255 916 1384 942 mortem
1415 916 1449 942 ut
1478 911 1510 942 id
1537 911 1672 942 facerent
1699 911 1818 941 senatui
1849 910 2052 953 imperavisse

397 973 428 999 et
455 980 491 999 eo
518 968 639 999 interim
669 973 791 1000 mortuo
819 975 961 1001 senatum
984 971 1011 1001 ei
1036 971 1166 1002 iussioni
1190 971 1454 1014 obtemperavisse
1477 976 1508 1002 et
1531 971 1569 1002 de
1591 983 1627 1002 ea
1650 982 1682 1002 re
1705 971 1866 1013 scripsisse
1889 970 1929 1002 ad
1952 970 2052 1001 Atha-

396 1028 534 1059 laricum.

504 1149 555 1180 IX
582 1152 606 1181 1.
651 1150 812 1182 Ι1(111“1(·11111
836 1151 932 1181 filium
955 1151 1106 1182 Huuerici
1130 1152 1210 1193 regis
1234 1152 1421 1183 successisse
1443 1151 1660 1183 'l'rasamundo
1680 1151 1795 1183 Victor
1815 1150 2050 1181 Tonnennensis

396 1210 439 1240 ait
463 1221 488 1241 a.
506 1212 576 1249 523,
600 1210 718 1243 addens
742 1212 851 1243 marito
874 1211 1092 1243 Trasamundo
1116 1211 1262 1243 defuncto
1285 1211 1518 1243 Amalafredam
1547 1212 1715 1253 fugientem
1744 1210 1783 1242 ad
1807 1211 1956 1242 barbaros
1979 1221 2052 1241 con-

395 1271 553 1311 gressione
576 1271 657 1302 facta
681 1272 802 1314 Capsac
825 1277 948 1315 captam
972 1277 1002 1303 et
1028 1273 1060 1303 in
1087 1272 1228 1304 custodia
1253 1273 1375 1315 privata
1398 1277 1551 1304 mortuam
1574 1284 1649 1303 csse.
1694 1272 1726 1303 id
1755 1272 1856 1314 ipsum
1885 1282 1947 1313 quo
1971 1282 2051 1302 anno

396 1330 549 1369 acciderit,
573 1332 740 1374 ignoratur,
768 1333 823 1363 sed
847 1333 971 1364 videtur
993 1334 1059 1364 eius
1083 1334 1125 1364 rei
1149 1334 1277 1365 nuntius
1301 1334 1332 1364 in
1356 1333 1482 1365 Italiam
1506 1333 1628 1364 adlatus
1652 1343 1719 1363 esse
1741 1343 1803 1363 uon
1826 1332 1959 1363 multum
1983 1336 2051 1362 aute

396 1391 515 1422 obitum
539 1391 735 1431 Theoderici,
767 1405 857 1435 quem
884 1393 1056 1435 Procopius
1080 1393 1150 1425 bell.
1174 1393 1281 1425 Vand.
1309 1396 1334 1432 1,
1354 1396 1373 1425 9
1397 1394 1505 1424 scribit
1528 1393 1653 1424 caedem
1676 1392 1894 1423 Amalafredae
1921 1392 2050 1423 inultam

395 1452 619 1491 transmisisse,
650 1464 719 1484 cum
749 1454 847 1485 classe
876 1453 987 1485 idonea
1016 1466 1047 1485 se
1076 1466 1178 1485 carere
1206 1455 1332 1485 sentiret
1360 1457 1400 1493 (v.
1424 1465 1518 1496 supra
1546 1453 1585 1485 ad
1610 1453 1653 1492 V,
1673 1454 1730 1492 16).
1774 1453 1876 1494 ipsum
1901 1451 1938 1483 de
1961 1463 1997 1483 ea
2019 1463 2051 1482 re

395 1510 435 1541 ad
449 1510 613 1542 Ildiricum
629 1512 746 1544 litteras
769 1514 871 1545 nullas
895 1513 1018 1545 dedisse
1041 1520 1069 1545 et
1087 1514 1302 1546 Athalaricum
1327 1513 1365 1545 de
1387 1525 1422 1545 ca
1446 1514 1578 1545 scribere
1599 1519 1757 1556 tamquam
1774 1524 1878 1544 recens
1895 1516 2051 1554 comperta

395 1571 528 1613 epistula
552 1573 699 1606 ostendit.

504 1701 556 1732 IX
584 1703 630 1734 15.
649 1703 696 1734 16.
742 1702 912 1734 Iohannem
936 1704 1116 1747 episcopum
1135 1704 1262 1743 Romae,
1286 1704 1325 1735 ad
1342 1716 1433 1747 quem
1451 1704 1535 1747 prior
1551 1703 1685 1745 epistula
1701 1703 1773 1734 data
1789 1708 1844 1742 est,
1867 1714 1929 1733 11011
1953 1702 2050 1733 11111110

396 1765 466 1791 ante
494 1772 586 1803 quam
617 1762 732 1804 scripta
763 1768 810 1793 est
839 1763 1015 1796 ordinatum
1045 1776 1112 1796 esse
1143 1776 1180 1795 ex
1210 1776 1246 1796 ea
1272 1765 1474 1806 intellegitur;
1507 1764 1635 1795 antistes
1664 1764 1745 1794 euim
1773 1763 1961 1805 apostolicae
1984 1761 2050 1793 sedi

395 1821 520 1862 petitus,
544 1822 575 1852 in
599 1822 687 1853 cuius
710 1823 858 1854 electione
882 1824 1015 1856 nefarias
1039 1826 1262 1867 promissiones
1285 1826 1382 1857 factas
1405 1837 1473 1857 esse
1496 1837 1548 1856 rex
1572 1825 1689 1864 scribit,
1713 1825 1779 1867 ipse.
1802 1825 1852 1856 ille
1868 1824 1910 1856 sit
1924 1834 2049 1855 necesse

395 1887 441 1912 est
464 1893 624 1914 successor
648 1884 797 1915 Bonifatii
825 1885 891 1915 eius
915 1886 1003 1917 cuius
1026 1887 1160 1928 epistula
1183 1887 1330 1918 meminit.
1376 1886 1536 1918 ordinatus
1562 1892 1607 1917 est
1632 1885 1787 1917 Iohannes
1810 1889 1946 1916 extremo
1969 1895 2050 1915 auno

397 1943 473 1979 532;
503 1955 574 1974 nam
603 1949 680 1975 teste
703 1945 783 1975 libro
807 1946 976 1987 pontificali
1000 1952 1072 1989 post
1096 1947 1215 1979 obitum
1240 1947 1390 1978 Bonifatii
1415 1948 1550 1979 cessavit
1572 1947 1770 1989 episcopatus
1793 1957 1848 1988 per
1871 1956 1990 1976 menses
2014 1944 2050 1975 Π

396 2002 461 2034 (1105
490 2003 569 2042 XV,
598 2005 682 2046 quod
712 2006 909 2037 intervallum
940 2007 1022 2039 iusto
1052 2008 1174 2049 longius
1205 2008 1404 2039 Duchesnius
1438 2009 1526 2047 (liber
1553 2007 1739 2050 pontificalis
1769 2006 1785 2036 I
1815 2018 1844 2048 p.
1865 2007 1927 2038 283
1951 2017 1980 2036 11.
1999 2007 2048 2044 15)

396 2063 598 2104 probabiliter
621 2066 712 2097 refert
735 2066 774 2097 ad
799 2078 900 2098 moras
924 2072 1012 2099 natas
1036 2080 1074 2099 ex
1098 2068 1217 2099 ambitu
1241 2080 1259 2100 a
1282 2080 1352 2110 rege
1374 2069 1568 2111 reprehenso.

504 2193 556 2224 IX
584 2196 620 2226 18
650 2194 735 2226 dedit
758 2196 957 2227 Athalaricus
985 2201 1051 2228 tum
1080 2209 1150 2228 cum
1174 2198 1314 2229 hostibus
1342 2198 1387 2228 rei
1408 2197 1556 2237 publicae
1579 2196 1748 2227 resistebat.
1796 2194 2043 2226 Amalasuentha

398 2253 449 2284 XI
476 2256 490 2285 1
516 2253 629 2285 dicitur
662 2256 693 2286 ίιι
723 2257 799 2295 ipsis
815 2258 1003 2296 primordiis
1026 2261 1133 2289 contra
1162 2258 1300 2290 Orientis
1323 2258 1482 2297 principis
1510 2260 1614 2288 votum
1638 2256 1816 2287 Romanum
1843 2254 1951 2294 fecisse
1974 2254 2043 2285 Da-

397 2315 544 2349 nummu:
567 2315 653 2346 illum
678 2328 714 2347 110
738 2316 883 2355 offendat,
908 2329 969 2348 non
992 2319 1138 2360 explanat
1161 2318 1379 2356 Cassiodorus,
1402 2329 1481 2357 quac
1499 2316 1689 2356 pertulerint
1715 2317 1879 2347 invasores.

506 2444 577 2474 XII
602 2446 642 2477 28
672 2450 703 2475 111
734 2450 827 2487 caput
855 2447 1041 2488 praecedens
1071 2451 1189 2488 spectat
1219 2446 1258 2477 ad
1286 2447 1399 2478 famem
1429 2446 1505 2477 caeli
1533 2445 1712 2487 intemperie
1741 2456 1795 2486 per
1823 2443 1984 2485 Liguriam
2016 2448 2046 2474 et

401 2504 564 2535 Aemiliam
589 2505 739 2544 obortam,
763 2507 811 2537 cui
835 2518 887 2538 rex
912 2513 946 2538 ut
969 2507 1157 2545 subveniret,
1181 2518 1218 2538 ex
1241 2507 1358 2538 horreis
1382 2506 1514 2549 publicis
1531 2505 1638 2537 XXV
1655 2504 1776 2536 modios
1793 2504 1895 2546 panici
1915 2504 2046 2545 siugulis

398 2564 506 2595 solidis
530 2565 622 2596 vendi
647 2566 746 2604 iussit,
770 2567 845 2597 deam
862 2568 1035 2606 possessori
1058 2568 1161 2599 venire
1184 2567 1239 2606 (sic
1263 2568 1330 2605 scr.)
1354 2577 1417 2598 non
1433 2567 1536 2606 possit
1559 2566 1601 2596 ad
1624 2566 1725 2603 denos,
1750 2564 1782 2595 id
1804 2570 1851 2595 est
1874 2563 1946 2595 dum
1974 2575 2046 2606 pos-

398 2635 534 2655 sessores
562 2636 599 2655 ne
630 2625 725 2656 denos
756 2626 879 2668 quidem
912 2627 1033 2658 modios
1062 2639 1118 2669 pro
1147 2626 1247 2658 solido
1271 2626 1441 2657 distrahere
1468 2626 1568 2668 parati
1596 2630 1706 2656 essent.
1752 2636 1830 2667 quae
1858 2624 1896 2655 de
1918 2624 2044 2666 proeliis

399 2684 574 2715 Gothorum
602 2690 708 2716 eontra
738 2686 976 2728 Burgundiones
1004 2692 1033 2718 et
1061 2687 1254 2718 Alamannos
1278 2692 1454 2725 narrantur,
1477 2698 1525 2725 ea,
1556 2691 1590 2717 ut
1613 2686 1708 2717 verba
1731 2684 1869 2716 iudicant
1891 2685 1973 2715 siout
1995 2694 2047 2715 vos

400 2745 548 2783 retinetis,
572 2751 712 2787 spectant
736 2746 776 2777 ad
800 2752 939 2788 tempora
961 2748 1037 2778 satis
1061 2752 1178 2778 remota
1186 2759 1193 2785 3
1217 2758 1291 2777 eave
1315 2751 1416 2777 ortum
1440 2747 1610 2789 praesentis
1627 2746 1746 2787 imperii
1762 2745 1874 2776 referas
1891 2743 1930 2775 ad
1947 2744 2047 2775 Atha-

398 2805 534 2836 laricum.
580 2806 673 2837 immo
697 2807 916 2848 intelleguntur
939 2808 1027 2838 initia
1049 2807 1135 2849 regni
1158 2806 1402 2838 Theodericiani.
1447 2812 1517 2838 ante
1540 2818 1576 2838 ea
1595 2804 1833 2848 Burgundiones
1849 2805 1978 2846 Liguria
2002 2804 2046 2835 ita
