2279 3261
817 198 1007 225 VARIARVM
1030 200 1061 231 X,
1081 201 1122 227 29.
1141 202 1181 227 30.
1763 210 1823 239 317

177 281 265 312 mille
290 281 457 322 potionum
482 283 587 312 mollit
611 283 770 314 introitus.
796 285 998 326 voluptuosis
1024 287 1085 317 illic
1110 288 1263 318 remediis
1286 290 1455 330 effugatur.
1494 296 1662 333 praestent
1680 297 1824 335 optatum

177 333 285 364 divina
315 333 523 367 beneficium,
556 338 590 365 ut
620 335 736 366 famam
769 337 828 367 loci
854 338 1054 368 verissimam
1080 343 1133 369 tua
1160 341 1266 381 potius
1293 342 1482 373 salubritate.
1507 354 1692 381 noscamus,
1728 356 1823 386 quem

176 386 269 416 nobis
294 385 513 416 desiderabile
539 390 589 417 est
615 387 754 419 evadere
781 389 930 430 quicquid
955 390 1067 420 adimit
1091 402 1279 433 corpoream
1306 394 1508 435 sospitatem.

944 518 1051 550 XXX.

417 582 624 614 HONORIO
649 584 917 617 PRAEFECTO
944 587 1076 619 URBIS
1102 589 1447 622 THEODAHADUS
1474 593 1574 624 REX.

1640 622 1668 642 α.
1687 613 1822 652 55’5J536

276 653 456 684 Relationis
480 657 609 683 vestrae
634 657 745 685 tenore
771 657 987 697 comperimus
1013 658 1043 687 in
1070 658 1118 688 via
1145 670 1250 691 sacra,
1284 671 1377 700 quam
1405 662 1511 692 multis
1538 664 1820 704 superstitionibus
1853 673 1863 689 ἴ·

174 706 292 737 dicavit
316 705 501 746 antiquitas,
527 705 716 746 elephantos
742 717 862 737 aeneos
889 708 991 739 vicina
1018 710 1210 740 onmimodis
1237 712 1329 742 ruina
1354 713 1504 744 titubare.
1530 720 1561 745 et
1586 716 1637 756 qui
1661 716 1765 746 solent
1789 717 1819 746 in

173 758 295 789 carnali
320 757 502 788 substantia
526 767 621 798 supra
646 757 793 788 millenos
819 770 918 789 annos
944 760 1061 794 vivere,
1088 772 1236 792 occasum
1264 763 1433 795 videantur
1459 767 1639 806 proximum
1665 767 1695 797 in
1721 768 1819 798 simu-

172 810 268 841 lacris
293 810 377 840 aeris
403 809 574 839 sustinere.
621 809 669 839 his
694 810 898 850 providentia
922 816 1031 843 vestra
1051 813 1142 843 reddi
1164 814 1262 844 faciat
1284 817 1442 856 propriam
1462 818 1711 858 longaevitatem
1729 820 1819 849 uncis

172 862 285 893 ferreis
310 861 434 891 hiantia
457 861 605 891 membra.
630 861 811 892 solidando:
837 863 943 893 alvum
970 875 1096 906 quoque
1122 865 1295 897 demissam
1321 868 1448 899 subdito
1475 870 1598 910 pariete
1621 871 1817 904 corroboret,

1889 669 1895 696 1

171 924 210 945 ne
236 914 291 944 illa
314 912 504 954 magnitudo
529 913 685 943 mirabilis
711 914 855 945 solvatur
880 916 1016 957 turpiter
1040 917 1070 946 in
1095 918 1230 948 ruinam.
1278 918 1357 949 Nam
1389 924 1421 950 ct
1446 922 1525 951 vivis
1551 922 1619 963 ipse
1643 933 1736 953 casus
1760 922 1815 953 ad-
1839 930 1861 947 ιο
1882 924 1899 952 2

173 976 285 996 versus
311 968 374 1003 est,
408 965 477 1006 qui,
508 965 582 995 dum
610 966 640 995 in
666 976 766 1005 genus
792 966 984 998 cubationis.
1015 973 1083 999 arte
1108 969 1271 1000 hominum
1297 972 1430 1002 succisis
1455 974 1639 1007 arboribus,
1674 975 1819 1015 ingentia

172 1018 315 1049 membra.
345 1017 581 1051 commiserint,
614 1020 680 1047 toto
712 1018 855 1058 pondere
886 1020 1026 1060 supinati
1055 1026 1222 1062 nequeunt
1250 1024 1384 1064 propriis
1411 1025 1531 1055 viribus
1556 1036 1704 1067 surgere,
1738 1037 1817 1067 quos

172 1070 273 1101 semel
298 1069 470 1110 contigerit
495 1069 670 1100 corruisse,
706 1070 828 1100 scilicet
853 1071 927 1111 quia
951 1072 1051 1112 pedes
1077 1084 1188 1103 eorum
1214 1075 1310 1104 nullis
1337 1076 1543 1108 inflectuntur
1567 1079 1727 1111 articulis,
1761 1078 1816 1109 sed

170 1123 202 1153 in
226 1121 356 1152 modum
382 1121 602 1151 columnarum
630 1121 772 1161 rigentes
798 1126 892 1163 atque
918 1123 1135 1155 incurvabiles
1160 1126 1279 1166 iugiter
1303 1133 1523 1168 perseverant.
1563 1129 1607 1159 ibi
1626 1133 1716 1160 tanta
1732 1131 1816 1161 mole

169 1174 323 1215 prostrati
355 1177 443 1207 sunt,
479 1176 513 1203 ut
541 1177 615 1203 tunc
645 1174 747 1214 magis
776 1175 956 1204 metallicos
986 1176 1090 1216 possis
1122 1177 1271 1210 credere.
1304 1189 1374 1209 cum
1408 1191 1442 1209 se
1474 1181 1561 1211 vivos
1587 1182 1725 1222 aspicias
1750 1193 1813 1212 non
1835 1190 1857 1207 ¹⁵

168 1236 311 1257 movere.
358 1226 464 1256 iacent
493 1226 685 1267 superstites
717 1226 925 1257 similitudine
958 1228 1168 1259 cadaverum:
1206 1235 1346 1261 mortuos
1377 1236 1484 1272 putes,
1518 1243 1596 1274 quos
1628 1234 1718 1263 vivos
1744 1244 1815 1264 esse.

168 1289 233 1309 non
264 1278 393 1308 dubites
423 1282 454 1308 et
479 1288 568 1308 more
593 1277 775 1308 cadentium
800 1278 1011 1313 fabricarum,
1046 1282 1195 1312 nesciunt
1219 1282 1324 1313 locum
1350 1288 1464 1324 sponte
1489 1285 1686 1326 relinquere,
1720 1296 1814 1326 quem

168 1331 233 1361 suis
266 1329 417 1360 membris
449 1330 614 1371 potuerint
643 1340 814 1371 occupare.
862 1330 1049 1371 Magnitudo
1080 1333 1135 1363 illa
1159 1334 1313 1364 terribilis
1339 1345 1397 1365 nec
1424 1336 1564 1366 formicis
1589 1337 1814 1367 minutissimis

167 1392 225 1423 par
250 1385 309 1419 est,
335 1381 463 1423 quando
487 1382 678 1412 beneficium
705 1393 766 1412 non
792 1383 891 1413 habet
912 1388 1055 1416 naturae,
1082 1386 1165 1426 quod
1183 1387 1295 1417 ultima
1314 1387 1462 1418 videntur
1479 1389 1630 1419 animalia
1647 1390 1814 1420 meruisse.

167 1434 307 1464 humano
333 1434 453 1464 solacio
479 1438 688 1475 consurgunt.
714 1436 804 1465 cuius
830 1440 898 1466 arte
924 1437 1103 1468 iacuerunt.
1151 1439 1248 1469 belua
1269 1443 1377 1470 tamen
1395 1440 1460 1470 suis
1479 1441 1647 1481 gressibus
1665 1441 1813 1472 restituta
1833 1448 1857 1466 ⁴20

167 1486 257 1516 novit
280 1496 402 1516 memor
424 1496 496 1516 esse
514 1486 681 1516 beneficii:
707 1487 738 1516 iu
756 1488 944 1528 magistrum
963 1489 1082 1531 quippe
1101 1491 1215 1532 recipit
1233 1502 1326 1532 quem
1345 1492 1404 1522 sibi
1423 1492 1614 1523 subvenisse
1632 1493 1812 1533 cognoscit:

167 1537 207 1568 ad
232 1538 334 1579 ipsius
359 1538 529 1568 arbitrium
554 1549 685 1579 gressus
711 1543 834 1573 movet,
865 1540 966 1581 ipsius
992 1542 1158 1573 voluntate
1183 1543 1271 1573 cibos
1296 1544 1397 1584 capit,
1427 1548 1473 1577 ct,
1505 1544 1589 1585 quod
1614 1555 1740 1575 omnem
1766 1545 1813 1575 in-

166 1589 389 1630 tellegentiam
414 1589 660 1631 quadrupedum
687 1595 828 1632 superat,
854 1602 916 1622 non
943 1592 1069 1623 dubitat
1086 1594 1187 1634 primo
1206 1599 1338 1636 aspectu
1357 1595 1493 1626 adorare
1511 1607 1604 1637 quem
1625 1601 1810 1627 cunctorum

165 1641 327 1682 intellegit
352 1651 423 1671 esse
448 1644 621 1671 rectorem:
649 1642 698 1671 cui
725 1642 750 1671 si
775 1646 929 1683 tyrannus
953 1649 1117 1685 appareat,
1142 1645 1262 1676 inflexa
1287 1650 1457 1687 permanet
1481 1658 1539 1678 nec
1564 1642 1684 1690 imponi
1706 1652 1813 1689 potest

1879 1338 1896 1367 3

166 1692 280 1724 beluae
310 1692 371 1723 hoc
401 1696 433 1724 et
458 1693 551 1723 malis
576 1693 733 1734 pendere,
765 1694 847 1734 quod
873 1705 891 1724 a
917 1706 950 1725 se
976 1697 1065 1726 novit
1088 1696 1179 1727 bonis
1204 1698 1403 1740 principibus
1429 1699 1593 1730 exhibere.
1646 1700 1683 1730 In
1707 1700 1811 1730 vicem
1831 1707 1854 1725 2¹⁵
1876 1703 1893 1730 4

164 1756 278 1776 manus
304 1745 542 1787 promuscidem
567 1745 669 1776 tendit
694 1750 725 1775 et
750 1746 903 1787 magistro
929 1748 1093 1788 profutura
1118 1753 1284 1789 gratanter
1308 1751 1434 1792 accipit,
1461 1752 1535 1792 quia
1560 1763 1593 1782 se
1615 1752 1715 1793 ipsius
1734 1763 1811 1782 cura

163 1797 273 1828 vivere
299 1807 396 1838 posse
421 1799 596 1839 cognoscit.
637 1801 685 1827 est
711 1798 806 1830 enim,
832 1802 866 1828 ut
890 1798 933 1829 ita
957 1799 1104 1831 dixerim,
1131 1801 1317 1842 praedictae
1336 1803 1451 1833 beluac
1470 1808 1585 1835 nasuta
1603 1815 1726 1839 manus,
1752 1815 1810 1845 per

163 1859 258 1890 quam
289 1848 365 1880 data
395 1850 530 1891 suscipit
562 1853 592 1880 et
617 1850 663 1880 ori
688 1860 745 1879 suo
770 1850 912 1881 voranda
936 1853 1136 1883 transmittit⁴
1183 1864 1255 1884 nam
1282 1865 1353 1884 cum
1379 1855 1418 1885 sit
1446 1856 1544 1886 altum
1571 1856 1702 1890 animal,
1737 1856 1809 1887 bre-

163 1901 296 1931 vissima
321 1902 447 1932 cervice
474 1902 685 1942 compositum
711 1905 770 1933 est,
797 1906 830 1932 ut
854 1903 938 1944 quod
965 1904 1052 1935 cibos
1079 1916 1120 1935 ex
1145 1905 1241 1936 humo
1267 1917 1330 1937 non
1353 1907 1563 1948 praevalebat
1581 1918 1725 1949 carpere,
1751 1908 1808 1939 hoc

163 1963 197 1984 se
221 1953 399 1984 ministerio
425 1953 590 1984 videretur
611 1964 708 1995 posse
731 1955 859 1985 satiare.
901 1956 1089 1997 temptando
1112 1958 1214 1988 solum
1234 1962 1347 1989 cautus
1366 1970 1494 2000 semper
1510 1959 1641 1993 incedit,
1667 1960 1810 1991 retinens
1830 1966 1853 1985 ³0

163 2005 254 2035 initio
280 2005 506 2046 captivationis
531 2015 610 2036 suae
635 2005 735 2035 fuisse
761 2006 821 2036 sibi
846 2008 977 2037 noxiam
1003 2009 1138 2039 ruinam.
1185 2009 1313 2040 Flatum
1338 2022 1445 2044 suum,
1471 2012 1545 2053 quia
1569 2011 1671 2042 dolori
1695 2013 1809 2054 capitis

264 2126 537 2158 BZNKE(F)H(G1)

267 2195 279 2220 1
299 2195 377 2228 mille]
398 2196 468 2220 nulle
488 2196 528 2219 E¹
595 2196 704 2220 molliter
724 2197 744 2219 Al
813 2197 929 2221 interitus
949 2197 976 2221 H
1042 2198 1149 2231 uolupt.]
1170 2204 1197 2223 ut
1218 2200 1314 2232 uolupt.
1339 2199 1359 2223 Β
1424 2200 1484 2232 illic]
1506 2202 1546 2225 ille
1566 2202 1593 2225 E
1655 2207 1764 2234 praestet
1785 2202 1817 2226 H

160 2237 176 2263 2
195 2237 292 2271 diuina]
313 2240 409 2263 diutius
428 2239 454 2263 E
563 2238 579 2263 ’5
598 2243 699 2263 nostrae
720 2239 751 2263 H
821 2238 873 2271 uia}
894 2249 957 2264 uasa
979 2241 1004 2263 Ε
1114 2241 1129 2266 6
1149 2242 1278 2266 dedicauit
1298 2242 1368 2267 HGI
1440 2244 1562 2268 elefantus
1583 2245 1615 2275 X,
1634 2246 1756 2270 elet‘antcs
1779 2246 1809 2272 G,

160 2282 307 2314 elephantes
326 2282 378 2306 HA
468 2282 610 2306 omnimodo
631 2282 704 2306 HGI
829 2282 842 2306 ’ἶ
862 2292 919 2307 aun.
940 2282 1003 2315 uiu.]
1032 2285 1085 2309 uiu.
1106 2293 1166 2309 ann.
1188 2285 1220 2309 K.
1248 2287 1301 2310 uiu.
1327 2290 1383 2313 (um.
1403 2289 1494 2313 anuos)
1514 2288 1537 2311 Z
1621 2289 1741 2313 uidentur
1760 2289 1809 2313 FG

160 2324 176 2349 S
194 2324 268 2357 aeris]
289 2325 321 2355 B,
349 2324 418 2350 eneis
439 2325 566 2353 ZNHGI,
595 2326 674 2349 aereis
694 2326 774 2349 KEF
859 2327 907 2350 biis
927 2326 1009 2350 XKF
1094 2329 1229 2359 prudentia
1249 2329 1277 2353 F
1362 2329 1456 2362 uestra]
1486 2336 1530 2355 tua
1551 2331 1597 2355 HI
1682 2333 1764 2356 uineis
1783 2332 1811 2355 Il

161 2368 176 2392 9
195 2367 293 2400 aluum]
313 2369 393 2392 alium
413 2368 530 2392 E²HGI
585 2367 694 2400 quoque]
714 2377 763 2400 quc
778 2369 826 2392 ΖΝ
882 2370 1019 2394 demissum
1035 2370 1113 2396 le,
1132 2372 1263 2396 dimissum
1279 2373 1338 2396 ‹1¹11›
1397 2374 1482 2398 subito
1496 2374 1600 2398 B¹NI1³
1654 2374 1809 2407 corroboret]

160 2412 261 2436 roboret
280 2412 308 2436 K
397 2412 429 2435 10
447 2413 522 2436 ruina
537 2412 565 2436 K
621 2411 700 2444 uinis]
721 2421 786 2436 auus
801 2412 849 2438 B',
870 2422 936 2437 unus
950 2413 1028 2437 EHG
1120 2414 1147 2438 ll
1169 2416 1211 2446 qui
1230 2415 1299 2447 dum]
1321 2417 1414 2447 quibus
1430 2417 1452 2440 Β
1514 2418 1538 2441 in
1557 2417 1648 2449 genus]
1663 2418 1809 2444 BF²HGL

161 2455 270 2487 ingeniis
289 2454 341 2478 ΖΝ
354 2454 446 2487 (potest
464 2455 512 2486 [ey]
530 2456 585 2479 item
607 2456 631 2479 iu
651 2456 744 2487 genus)
765 2456 881 2479 KEFhl
1009 2457 1040 2480 12
1059 2459 1239 2483 commiserunt
1260 2459 1312 2483 HG
1399 2461 1523 2492 suspiuati
1546 2461 1584 2484 E¹
1668 2460 1807 2493 nequeunt]

160 2502 289 2530 nequeant
303 2498 335 2528 E,
354 2507 378 2522 nr
399 2499 483 2531 potius
497 2498 557 2522 NH
640 2498 672 2522 13
691 2499 830 2531 contigerat
846 2499 888 2522 ]*''·'
942 2500 1033 2524 iutlect.
1054 2499 1111 2532 art]
1127 2500 1232 2532 BHGL
1250 2506 1296 2526 ,πῂ
1317 2503 1368 2527 inss,
1383 2504 1474 2534 reliqui
1562 2503 1592 2528 14
1611 2503 1654 2535 ibi]
1675 2505 1709 2528 ita
1722 2504 1808 2531 XIIG,

159 2541 195 2565 ita
215 2542 240 2565 in
260 2541 279 2565 I
340 2539 413 2573 mole]
434 2542 491 2565 nole
512 2542 542 2565 H
640 2541 670 2564 Ιῖ)
688 2546 747 2565 suut
767 2551 812 2565 0111.
835 2542 905 2566 HG]
970 2542 1120 2576 metallicos]
1140 2545 1239 2568 italicos
1258 2545 1299 2569 Ε1
1404 2546 1435 2571 16
1454 2555 1555 2571 monere
1575 2546 1607 2570 H
1672 2548 1808 2571 cadauere-

160 2592 216 2608 rum
236 2583 279 2607 ,Η1
344 2592 398 2608 esse
418 2593 466 2609 om.
480 2584 599 2608 N¹HGI
695 2584 724 2608 18
744 2588 879 2616 potueruut
894 2585 1067 2613 B¹NKEFL
1087 2590 1205 2618 poterunt
1220 2588 1261 2612 Ga
1359 2589 1387 2612 :¹1
1410 2588 1475 2621 esse]
1495 2595 1547 2613 esto
1563 2590 1593 2613 II
1655 2590 1679 2614 in
1699 2599 1746 2614 om.
1761 2589 1813 2613 ΖΝ

159 2624 193 2650 22
212 2625 321 2659 omnem]
342 2636 503 2652 communem
522 2627 563 2651 Ε1
663 2626 695 2651 '23
715 2628 919 2660 quadrupedium
934 2628 965 2658 B,
985 2630 1153 2661 quadrupedii
1167 2630 1214 2654 HI
1312 2631 1343 2656 :24
1363 2638 1421 2656 rect.
1442 2642 1495 2657 csse
1510 2633 1633 2657 ZXKEA
1732 2633 1765 2657 27»
1784 2638 1807 2657 ct

160 2678 206 2694 om.
222 2670 297 2694 HGI
347 2671 419 2694 bouis
434 2680 469 2703 pr.
483 2670 628 2703 (pneipibus
642 2669 691 2702 Nl]
713 2679 747 2702 pr.
762 2671 819 2694 ban.
835 2670 909 2694 HG!
958 2671 1086 2704 exhihere]
1107 2674 1220 2698 exhiberi
1235 2674 1325 2699 debere
1340 2675 1412 2699 HGI
1498 2676 1529 2699 2⁶3
1548 2675 1742 2708 promuscidem]
1758 2676 1806 2707 NI,

160 2713 320 2744 promuscide
340 2712 374 2744 H,
404 2714 590 2746 promuscidere
612 2714 656 2743 Gt,
684 2714 842 2745 promuscida
865 2714 914 2740 GV,
940 2716 1117 2746 promuseilem
1137 2716 1289 2745 BZKEF¹,
1316 2719 1519 2750 prnmuscibilem
1540 2719 1579 2742 1³2
1707 2718 1738 2742 ⁵2?
1759 2718 1805 2750 est]

161 2760 185 2780 et
204 2755 330 2780 EFHGI
414 2757 462 2780 bel.
482 2757 567 2789 praed.
588 2757 712 2780 EFJIGI
798 2755 897 2788 nasuta]
916 2763 1036 2781 nasutare
1057 2758 1091 2783 EI,
1116 2768 1194 2784 nasus
1214 2765 1322 2792 utraque
1342 2766 1378 2785 cst
1403 2762 1421 2786 Ι.
1445 2763 1557 2786 nascitur
1578 2763 1599 2786 G
1721 2762 1753 2786 25
1772 2761 1804 2793 ct]

161 2802 188 2822 ut
208 2798 258 2822 ΚΑ
323 2800 477 2824 transmittat
496 2800 548 2824 ΚΑ
645 2798 678 2824 '29
697 2800 807 2823 cernisse
824 2799 849 2823 K
911 2808 942 2823 cx
961 2799 1047 2831 humo]
1068 2802 1178 2826 exhimio
1193 2802 1228 2829 H,
1246 2805 1338 2828 eximio
1353 2807 1374 2827 (ι’
1443 2813 1533 2837 capere
1547 2805 1574 2828 1³
1672 2805 1705 2829 3¹³
1724 2806 1806 2829 miste-

160 2842 196 2865 rio
216 2841 329 2865 HGth
433 2842 462 2867 31
486 2843 510 2866 in
531 2844 603 2867 initio
623 2843 694 2867 HG]
763 2843 919 2874 captiuitatis
939 2842 1044 2874 A'1HG,
1065 2845 1188 2876 captionis
1209 2846 1231 2869 Α
1304 2856 1361 2871 uox.
1381 2848 1428 2871 sibi
1449 2849 1526 2872 fuisse
1546 2848 1593 2871 KI

1874 2015 1891 2043 5
