2279 3261
469 178 529 207 304
1181 176 1393 202 CASSIODORI

387 264 405 292 2
472 266 579 304 potest
613 262 746 302 gloriam
782 263 955 303 pertinere.
1010 262 1216 304 Quapropter
1251 263 1408 293 exhibens
1443 263 1636 304 principatui
1672 267 1779 295 vestro
1815 265 2110 296 reverentissimum

470 314 675 344 salutationis
700 314 850 344 affectum
877 313 988 343 harum
1012 314 1201 354 portitorem
1227 314 1265 345 ad
1291 315 1346 344 illa
1371 314 1549 345 direximus
1572 315 1766 353 exhibenda,
1791 316 1830 346 ad
1848 326 1930 357 quae
1951 317 2111 357 quondam

472 365 681 405 Calogenitus
706 365 811 395 fuerat
836 364 1034 396 destinatus.
1059 369 1108 403 ut.
1133 366 1192 395 etsi
1217 377 1357 406 persona
1380 366 1476 396 rebus
1501 367 1648 397 humanis
1675 367 1840 398 subtracta
1864 372 1929 404 est.
1954 367 2112 399 beneficia

469 420 576 447 tamen
609 419 715 447 vestra
745 416 783 446 ad
813 427 887 452 nos.
918 416 1045 446 domino
1070 417 1202 448 iuvante
1228 418 1433 458 perveniant,
1466 428 1505 448 ne
1531 422 1676 449 cassetur
1701 419 1898 450 desiderium
1924 420 2009 460 quod
2034 430 2110 450 con-

436 475 446 492 5
466 468 635 498 venienter
660 471 709 497 est
734 467 772 497 de
798 471 908 497 nostra
933 468 1192 509 praesumptione
1219 479 1378 499 securum.

1267 613 1308 644 X.

716 680 994 712 THEODORAE
1021 682 1261 714 AUGUSTAE
1287 683 1649 715 AMALASUINTHA
1673 683 1854 715 REGINA.
2003 711 2032 731 a·
2051 702 2112 732 534

570 749 651 780 Cum
681 750 840 791 propositi
874 752 973 781 nostri
1005 752 1046 782 sit
1076 752 1131 782 illa
1163 762 1318 793 quaerere
1350 763 1430 794 quae
1458 753 1635 794 probantur
1665 753 1704 784 ad
1729 753 1864 794 gloriam
1888 753 1933 794 pii
1958 752 2111 794 principis

468 801 642 842 pertinere,
667 801 800 842 dignum
825 806 875 832 est
898 813 955 833 vos
978 814 1124 834 sermone
1143 804 1299 837 venerari.
1325 815 1405 845 quos
1426 804 1518 835 bonis
1534 805 1682 835 omnibus
1699 807 1825 835 constat
1843 815 1972 845 semper
1989 805 2111 846 augeri.

468 853 641 883 concordia
672 864 734 883 non
764 858 813 884 est
843 854 912 884 sola
942 856 1177 895 praesentium:
1215 856 1289 896 quin
1320 856 1414 886 immo
1447 856 1490 886 illi
1518 867 1552 887 se
1578 857 1691 887 melius
1715 856 1905 897 respiciunt7
1937 856 1991 897 qui
2014 857 2112 886 animi

426 911 449 928 ¹0
469 904 604 934 caritate
631 915 665 935 se
692 905 899 946 coniungunt.
948 910 1044 947 atque
1071 906 1142 937 ideo
1168 907 1305 937 reddens
1323 907 1492 948 Augustae
1515 908 1718 938 reverentiae
1737 908 1941 938 salutationis
1959 908 2111 939 affectum

471 965 576 996 spero,
604 959 638 985 ut
662 955 871 987 redeuntibus
898 958 1013 998 legatis
1039 959 1167 993 nostris.
1192 969 1271 999 quos
1297 959 1336 989 ad
1362 959 1649 990 clementissimum
1675 963 1706 990 et
1731 959 1999 1000 gloriosissimum
2024 959 2110 1001 prin-

468 1007 570 1048 cipem
596 1007 842 1043 destinavimus,
867 1008 905 1039 de
929 1013 1038 1039 vestra.
1062 1021 1120 1040 nos
1145 1010 1271 1040 faciatis
1297 1011 1453 1052 sospitate
1479 1011 1631 1052 gaudere,
1657 1011 1732 1052 quia
1755 1022 1909 1053 prospera
1932 1016 2042 1042 vestra
2065 1012 2111 1042 ita

468 1059 560 1089 nobis
586 1063 677 1099 grata
702 1058 852 1090 videntur
875 1063 909 1090 ut
934 1062 1062 1102 propria
1088 1066 1119 1092 et
1144 1073 1279 1093 necesse
1298 1066 1347 1093 est
1365 1064 1553 1105 sospitatem
1571 1063 1795 1094 desideranter
1815 1063 1991 1105 suscipere,
2017 1073 2111 1104 quam

468 1121 525 1141 nos
551 1110 669 1152 iugiter
693 1115 820 1141 constat
844 1116 967 1153 optare.

1264 1218 1322 1248 XI.

427 1290 449 1308 1⁵
747 1284 927 1315 MAXIMO
955 1279 995 1315 V·
1016 1280 1048 1316 Ϊ·
1076 1286 1333 1318 DOMESTICO
1359 1288 1703 1319 THEODAHADUS
1728 1287 1830 1318 REX.
2004 1314 2032 1334 a·
2051 1303 2111 1334 535

389 1355 398 1382 l
573 1352 605 1383 Si
635 1354 737 1393 gloria
764 1358 813 1385 est
838 1355 991 1385 bonorum
1018 1356 1198 1397 principum
1224 1357 1403 1397 incognitas
1428 1357 1606 1388 honoribus
1633 1357 1810 1388 clarificare
1836 1367 2007 1398 personas.
2037 1356 2112 1386 dum

465 1405 614 1445 quicquid
640 1416 657 1435 a
683 1405 837 1437 subiectis
860 1407 1026 1447 proficitur
1049 1412 1240 1448 regnantum
1264 1408 1412 1439 laudibus
1431 1408 1621 1450 applicatur,
1646 1412 1765 1450 quanto
1784 1409 1877 1439 nobis
1895 1407 2111 1449 praestantius

466 1460 515 1486 est
539 1457 758 1488 nobilissimae
781 1458 921 1489 familiae
945 1459 1089 1492 reddere,
1116 1460 1198 1500 quod
1218 1471 1287 1490 eam
1306 1461 1532 1500 cognoscimus
1551 1461 1645 1490 etiam
1665 1460 1820 1490 nascendi
1838 1463 1924 1490 sorte
1943 1459 2111 1489 meruisse!

466 1508 511 1537 sic
538 1509 619 1538 enim
646 1509 801 1540 iustitiam
827 1511 1001 1551 sequimur.
1027 1511 1051 1541 si
1078 1511 1169 1541 bonis
1191 1511 1365 1542 heredibus
1383 1516 1552 1552 parentum
1571 1512 1716 1553 praemia
1734 1522 1795 1542 non
1813 1521 1979 1552 negemus.
2020 1510 2113 1541 decet

385 1560 401 1588 2
425 1566 449 1584 ¹2⁰
469 1560 552 1589 enim
578 1560 674 1591 etiam
700 1561 823 1602 priores
849 1573 923 1592 suos
949 1563 1087 1594 vincere.
1113 1563 1166 1603 qui
1191 1562 1229 1592 ad
1256 1567 1365 1593 nostra
1386 1569 1573 1593 meruerunt
1591 1568 1734 1605 tempora
1751 1564 1931 1604 pervenire.
1978 1562 2112 1592 Anicios

466 1611 593 1652 quidem
627 1623 730 1653 paene
762 1613 962 1654 principibus
996 1625 1090 1655 pares
1116 1618 1206 1645 aetas
1232 1614 1338 1655 prisca
1363 1615 1550 1655 progenuit:
1586 1625 1719 1655 quorum
1745 1615 1882 1645 nominis
1908 1614 2046 1655 dignitas
2071 1613 2112 1644 ad

466 1667 497 1694 te
531 1664 695 1704 sanguinis
725 1664 811 1694 fonte
842 1665 996 1706 perducta
1028 1666 1172 1696 collectis
1207 1666 1326 1696 viribus
1356 1666 1489 1696 hilarior
1521 1666 1702 1697 instaurata
1733 1667 1884 1698 rutilavit.
1931 1666 2001 1707 quis
2033 1676 2110 1706 ergo

466 1715 663 1756 relinqueret
688 1716 719 1746 in
744 1717 881 1757 posteris
907 1718 1011 1747 minus
1036 1717 1185 1749 honoros.
1211 1728 1289 1758 quos
1314 1718 1436 1748 tamdiu
1460 1722 1587 1749 constat
1604 1718 1704 1749 fuisse
1721 1718 1932 1760 praecipuos?
1973 1728 2108 1748 accusa-

466 1770 577 1797 rentur
601 1767 741 1802 saecula,
767 1769 791 1798 si
817 1769 888 1799 talis
914 1770 1071 1811 potuisset
1092 1770 1194 1800 latere
1212 1770 1341 1800 familia.
1382 1774 1478 1811 atque
1496 1771 1618 1800 utinam
1636 1770 1727 1800 nobis
1744 1769 1864 1800 Marios
1884 1770 1934 1800 vel
1952 1769 2111 1800 Corvinos

424 1824 447 1843 25·
467 1819 619 1849 annosior
650 1819 716 1849 vita
748 1823 925 1851 servasset!
974 1821 1027 1851 vix
1057 1821 1230 1851 satiaretur
1260 1822 1413 1862 principis
1438 1825 1561 1857 votum,
1597 1822 1622 1852 si
1647 1832 1704 1852 nos
1730 1821 1933 1862 contingeret
1958 1831 2111 1862 personas

468 1870 539 1900 illas
569 1871 681 1900 talium
713 1871 879 1912 possidere
908 1873 1106 1903 meritorum.
1154 1873 1423 1913 quemadmodum
1449 1884 1533 1904 nunc
1558 1874 1703 1914 profecto
1728 1874 1942 1915 neglegamus
1967 1873 2109 1909 inventa,

385 1922 401 1951 3
466 1922 519 1962 qui
541 1922 762 1953 desideramus
783 1923 902 1954 habere.
926 1925 1120 1965 praeterita?
1158 1924 1264 1965 Atque
1284 1924 1365 1958 ideo.
1391 1925 1476 1966 quod
1494 1925 1633 1956 feliciter
1650 1925 1770 1956 dietum
1789 1925 1839 1959 sit,
1863 1924 2111 1966 primiceriatus,

466 1974 519 2013 qui
545 1977 576 2003 et
599 1973 831 2005 domesticatus
856 1976 1047 2009 nominatur.
1073 1976 1113 2006 ab
1139 1975 1316 2007 indictione
1342 1981 1456 2018 quarta
1479 1977 1604 2008 decima
1622 1977 1679 2007 tibi
1697 1977 1890 2008 conferimus
1909 1976 2110 2016 dignitatem.

464 2035 581 2055 usurus
614 2036 647 2055 es
677 2026 824 2056 omnibus
854 2027 956 2057 titulis
991 2028 1043 2068 qui
1073 2027 1112 2058 ad
1143 2028 1211 2058 eius
1237 2028 1401 2069 pertinent
1426 2029 1595 2059 actionem.
1641 2028 1693 2059 hic
1719 2029 1820 2059 honor
1843 2028 1988 2069 quamvis
2013 2027 2111 2058 tantis

423 2082 447 2100 3⁰
466 2076 628 2107 natalibus
661 2077 809 2108 videatur
839 2079 981 2111 inferior.
1016 2080 1138 2110 cunctis
1170 2084 1275 2110 tamen
1310 2080 1452 2110 fascibus
1486 2081 1549 2110 tuis
1581 2080 1708 2111 videtur
1739 2090 1812 2110 esse
1842 2079 1981 2110 felicior:
2018 2079 2109 2110 cuius

466 2131 610 2168 tempore
641 2130 788 2160 meruisti
813 2131 983 2171 ooniugem
1008 2131 1117 2171 regiae
1143 2131 1252 2173 stirpis
1278 2132 1442 2172 accipere.
1476 2142 1570 2173 quam
1595 2132 1627 2162 in
1652 2132 1715 2162 tuis
1740 2131 1905 2162 curulibus
1929 2141 1989 2161 nec
2013 2141 2107 2172 prae-

567 2258 853 2291 BZA'KE(J‹⁷)H(GJ).·
872 2261 897 2284 1ιί
915 2265 964 2284 tres
983 2269 1029 2284 0711.
1050 2269 1087 2292 ep.
1102 2260 1117 2285 9
1136 2265 1157 2285 et
1182 2260 1210 2285 10
1230 2264 1342 2292 (praeter
1362 2261 1377 2285 9
1396 2262 1531 2286 concordia
1549 2275 1582 2279 —
1603 2261 1635 2286 10
1653 2260 1823 2294 coniungunt)

569 2335 578 2360 1
603 2335 695 2368 uestro]
716 2341 801 2361 nostro
815 2337 846 2367 B,
866 2346 912 2361 om.
929 2338 950 2360 11
1054 2336 1070 2361 2
1089 2339 1235 2369 portitarem
1249 2338 1292 2362 Ba
1359 2338 1506 2370 direximus]
1526 2339 1646 2363 duximus
1660 2339 1688 2363 F
1783 2338 1799 2363 3
1817 2336 1873 2370 etsi]
1894 2339 1914 2362 si
1929 2337 1970 2362 F¹
2036 2338 2112 2362 rebus

465 2379 533 2402 hum.
560 2379 635 2403 rebus
655 2379 697 2402 Ba
785 2381 906 2405 beneficia
934 2381 969 2404 ad
993 2379 1008 2404 4
1033 2381 1139 2405 iuuante
1165 2390 1209 2413 per
1232 2392 1278 2406 (ιιιι.
1300 2382 1322 2406 A
1454 2382 1470 2407 4
1493 2381 1587 2413 uestra]
1614 2386 1701 2406 nostra
1720 2382 1769 2409 El,
1796 2386 1908 2406 nostram
1928 2381 1968 2405 ΕΞ
2056 2378 2111 2412 nos]

466 2430 512 2445 uos
526 2421 564 2445 Ε]
629 2421 738 2454 doniino]
753 2423 784 2451 B,
803 2424 849 2447 deo
868 2424 959 2454 reliqui
1055 2424 1070 2447 ε’)
1089 2424 1183 2456 nostra]
1202 2425 1230 2451 H.
1250 2430 1334 2450 uestra
1347 2426 1498 2450 ZNKEFA
1562 2430 1677 2450 secutum
1691 2426 1723 2455 E,
1742 2430 1878 2457 sequutum
1892 2424 1919 2449 F
2009 2423 2022 2447 7
2043 2422 2111 2455 cum]

465 2465 525 2488 duin
545 2465 617 2488 ZNA
682 2466 717 2497 pii
736 2475 782 2489 om.
799 2467 821 2489 A
923 2467 953 2490 Il)
972 2475 997 2490 sc
1016 2475 1063 2491 car.
1085 2467 1138 2491 EF
1196 2469 1307 2500 iungunt
1327 2469 1355 2492 K
1451 2468 1479 2493 11
1501 2473 1525 2492 et
1543 2467 1616 2500 glou]
1635 2469 1698 2500 glor.
1712 2468 1746 2497 K,
1765 2477 1812 2492 om.
1827 2468 1856 2491 X
1948 2466 1979 2492 12
1999 2467 2075 2491 faciat
2088 2466 2116 2490 F

467 2506 497 2531 13
516 2511 589 2539 grata
607 2517 654 2532 om.
674 2508 703 2532 F
785 2509 960 2533 desiderantur
980 2509 1008 2533 K
1130 2510 1159 2534 16
1178 2512 1217 2534 sin
1236 2511 1277 2534 131
1403 2511 1432 2535 17
1452 2520 1466 2535 a
1485 2520 1532 2535 om.
1552 2511 1625 2535 HG]
1710 2509 1872 2543 regnantum]
1892 2510 1980 2540 BEH,
2006 2518 2112 2541 regnan-

465 2551 529 2574 tium
548 2551 743 2575 ZNKEFGIA
814 2552 967 2576 laudatubus
987 2551 1057 2584 Ns22]
1128 2554 1279 2585 amplientur
1297 2554 1341 2577 Ba
1412 2553 1493 2586 nobis]
1514 2555 1594 2586 magis
1612 2553 1640 2578 F
1733 2553 1764 2578 18
1783 2551 1903 2584 familiae]
1923 2553 2015 2577 semine
2030 2552 2117 2576 Hth

517 2594 592 2617 etiam
613 2603 659 2618 om.
680 2594 753 2618 HG]
866 2595 899 2618 2²«)
917 2604 977 2619 suos
996 2604 1043 2619 om.
1065 2596 1117 2619 ΖΝ
1220 2596 1249 2620 21
1272 2598 1361 2629 genuit
1380 2596 1421 2620 El
1531 2596 1564 2621 22
1583 2596 1660 2628 fonte]
1683 2598 1745 2621 forte
1764 2596 1799 2627 H',
1818 2600 1883 2620 sorte
1905 2596 1941 2620 Gt
2011 2595 2112 2619 hilario-

465 2645 521 2660 rum
542 2636 606 2660 IIIP
662 2641 806 2661 restaurata
826 2637 862 2661 E¹
918 2637 984 2670 quis]
1004 2647 1068 2670 quos
1088 2639 1159 2663 HG]
1254 2639 1286 2663 '23
1306 2641 1390 2664 minus
1409 2649 1455 2664 0711..
1475 2640 1517 2663 Β1
1574 2638 1691 2671 honoros]
1712 2640 1819 2663 honores
1839 2639 1966 2664 KEFHI
2023 2637 2110 2670 fuisse]

465 2688 519 2703 esse
534 2679 560 2702 E
654 2678 686 2702 '24
705 2679 817 2711 saecula]
837 2681 948 2705 secunda
965 2681 989 2704 E
1048 2682 1090 2705 lat.
1110 2687 1160 2713 pot.
1176 2682 1204 2705 X
1260 2681 1367 2714 utinam]
1387 2683 1489 2707 uidetur
1501 2683 1549 2710 15¹,
1568 2692 1615 2707 om.
1630 2683 1653 2706 ,1
1715 2683 1836 2707 curuinos
1856 2682 1882 2706 K
1980 2680 2013 2706 ‘26
2032 2680 2110 2713 nunc]

465 2730 515 2745 non
535 2721 563 2745 K
636 2723 747 2753 profecto
767 2732 813 2747 um.
834 2723 861 2747 F
970 2723 1002 2747 ‘2'1'
1022 2723 1075 2755 qui]
1096 2733 1143 2756 que
1164 2725 1245 2749 KJlo'
1325 2724 1401 2757 quod]
1422 2734 1471 2757 que
1489 2725 1580 2751 Hall‘.
1599 2734 1645 2749 0771.
1667 2726 1706 2749 Jw
1819 2724 1852 2749 ‘28
1870 2725 2022 2749 domesticus
2042 2723 2113 2748 HG]

516 2762 559 2795 ab]
579 2764 611 2787 ad
626 2763 658 2787 H
703 2766 756 2789 dec.
770 2775 812 2797 qu.
824 2767 847 2789 ,1
933 2766 966 2791 29
984 2770 1021 2791 est
1035 2767 1077 2790 Ba
1159 2767 1192 2791 30
1211 2769 1260 2792 tuis
1274 2777 1320 2792 om.
1333 2768 1406 2792 HGI
1454 2767 1564 2799 uidetur]
1584 2766 1657 2792 uider
1670 2768 1701 2792 II
1777 2767 1809 2792 31
1829 2768 1955 2792 meruistis
1966 2767 1996 2790 Η
2039 2775 2113 2791 curu-

465 2805 542 2838 libus]
562 2807 681 2831 ciuilibus
702 2808 726 2831 Z
