2279 3261
377 1807 395 1835 [ό

415 745 437 762 10

413 1435 437 1452 2⁰

415 1969 439 1985 31)

458 191 519 220 312
1177 187 1386 213 CASSIODORI

458 275 625 305 habemus.
673 274 746 304 talis
778 284 854 314 ergo
884 273 923 303 ad
954 284 1010 304 nos
1040 274 1162 308 veniat.
1197 274 1242 304 sic
1274 274 1468 315 composita,
1503 274 1547 304 sic
1575 274 1707 309 decora,
1739 276 1774 304 ut
1799 285 1870 305 eam
1895 275 1993 305 tantis
2018 274 2100 304 votis

458 327 569 357 merito
599 325 764 366 quaesisse
794 325 970 355 videamur.
1017 325 1102 356 absit
1127 329 1235 355 autem
1260 328 1295 355 ut
1320 325 1403 365 quod
1428 325 1520 355 nobis
1546 325 1753 355 committitur
1777 324 1896 356 debeat
1920 326 2102 366 ingravare.

457 377 519 407 Pro
545 377 637 407 nobis
662 377 769 418 potius
794 380 929 407 tractate
955 376 1039 417 quod
1064 377 1222 407 convenit.
1263 377 1399 407 trahitur
1421 377 1504 407 enim
1526 376 1565 407 ad
1589 376 1748 414 benivola,
1775 377 1825 407 cui
1843 388 1941 408 causa
1959 377 2102 408 creditur

458 429 691 459 rationabiliter
719 427 898 458 ordinanda
927 439 986 458 nec
1016 432 1123 469 potest
1151 428 1324 459 utilitatem
1350 429 1511 469 propriam
1536 428 1714 465 anteferre,
1748 429 1799 458 cui
1823 429 1925 469 magis
1950 428 2101 459 decorum

459 484 509 510 est
534 480 675 510 credenti
701 480 869 521 profutura
892 483 1070 520 praestare.
1118 480 1321 510 considerate
1346 480 1459 516 etiam,
1484 480 1647 521 principes
1672 480 1772 517 docti.
1804 484 1836 511 et
1859 480 1979 511 Ablabi
2002 481 2102 511 vestri

456 531 610 562 historica
634 531 833 561 monimenta
858 531 1007 567 recolite,
1040 535 1194 572 quantum
1219 531 1409 562 decessores
1435 532 1532 562 vestri
1558 531 1740 562 studuerint
1765 531 1804 562 (le
1830 542 1886 562 suo
1909 532 1978 562 iure
2003 532 2100 563 relin-

457 593 570 624 quere,
599 586 633 613 ut
658 583 703 613 eis
728 586 899 624 parentum
924 586 1106 613 nostrorum
1131 583 1263 614 foedera
1288 583 1504 624 provenirent.
1552 583 1738 619 aestimate„
1770 593 1831 624 qua
1856 584 1959 624 gratia
1984 583 2102 614 debent

458 634 565 665 oblata
597 635 730 675 suscipi,
765 645 847 675 quae
879 638 1070 665 consuerant
1103 635 1268 676 postulari.
1322 645 1384 665 non
1416 638 1606 675 arroganter
1637 635 1811 675 loquimur,
1846 635 1899 676 qui
1930 635 2102 666 veritatem

456 687 605 717 fatemur.
651 686 773 727 gloriae
806 689 933 716 vestrae
959 687 1063 727 potius
1089 686 1214 728 proficit
1238 686 1322 727 quod
1348 686 1570 717 demonstrare
1595 686 1834 723 contendimus„
1866 686 1992 727 quando
2018 697 2102 717 nunc

457 738 503 768 illi
528 741 669 768 vestram
694 737 828 778 gratiam
854 738 937 768 ultro
962 741 1136 779 quaerunt,
1171 739 1223 779 qui
1249 738 1315 768 suis
1340 738 1530 779 parentibus
1555 738 1707 768 meliores
1732 749 1766 768 se
1792 749 1866 768 esse
1891 741 2101 779 cognoscunt.

456 789 659 819 associentur
683 789 825 819 amicitia
849 790 988 829 gratuita
1013 790 1129 820 vestris
1154 790 1269 820 animis
1295 800 1373 830 quos
1396 790 1483 831 prius
1501 789 1591 820 vobis
1610 790 1768 830 largitatis
1787 789 1892 820 studio
1910 790 2102 830 iungebatis,

457 852 496 871 ne
526 841 610 871 bona
640 844 764 871 tantum
795 841 921 871 illorum
947 844 1128 882 temporum
1153 841 1254 871 fuisse
1280 841 1468 879 credantur,
1503 852 1584 882 quae
1610 852 1666 871 vos
1692 845 1724 871 et
1748 842 1879 882 copiosa
1902 841 2102 882 benignitate

456 893 582 923 vincitis
613 896 644 922 et
673 892 818 922 affluenti
848 903 982 923 munere
1013 893 1184 934 superatis.
1232 893 1338 934 Atque
1370 893 1441 923 ideo
1474 893 1678 923 salutationis
1704 893 1983 924 honorificentiam
2008 904 2102 935 prae-

457 944 555 975 locuti
580 944 668 974 illum
690 944 792 974 virum
812 945 1030 975 venerabilem
1051 944 1232 975 sacerdotio
1254 945 1387 981 clarum,
1410 944 1575 975 doctrinae
1594 944 1689 975 laude
1708 945 1915 986 conspicuum
1932 945 2102 986 legationis

432 1009 439 1018 1
460 999 591 1027 nostrae
617 996 656 1026 ad
681 996 837 1037 pietatem
862 1001 1002 1026 vestram
1028 996 1162 1027 fecimus
1187 1000 1262 1027 vota
1287 996 1424 1027 deferre.
1472 996 1662 1027 confidimus
1687 996 1771 1027 enim
1795 997 1827 1026 in
1850 997 1966 1027 virtute
1985 996 2103 1030 divina,

458 1048 541 1088 quod
579 1052 611 1078 et
643 1048 709 1078 suis
742 1048 865 1078 meritis
898 1048 988 1079 vobis
1021 1048 1149 1079 abunde
1182 1049 1309 1089 placeat
1344 1052 1376 1079 et
1406 1048 1568 1079 desideria
1601 1048 1721 1089 probae
1751 1049 1917 1089 petitionis
1948 1049 2103 1090 optineat,

458 1103 626 1140 sperantes
652 1103 686 1130 ut
709 1110 782 1130 eum
808 1110 878 1130 cum
905 1100 1022 1130 effectu
1048 1111 1153 1130 rerum
1180 1100 1315 1131 celerius
1340 1101 1484 1141 recipere
1510 1100 1696 1130 debeamus.
1744 1099 1800 1130 sed
1824 1101 1899 1140 quia
1918 1101 2103 1142 epistularis

458 1151 557 1182 series
587 1152 751 1182 continere
785 1162 846 1182 11011
878 1155 1005 1192 poterat
1034 1152 1197 1184 universa,
1231 1152 1340 1192 aliqua
1371 1152 1469 1182 sacris
1501 1152 1650 1182 sensibus
1677 1152 1774 1183 verbo
1801 1152 1993 1183 insinuanda
2017 1163 2103 1183 coul-

458 1203 613 1242 misimus,
638 1214 677 1233 nc
701 1203 866 1233 fastidium
893 1203 983 1234 vobis
1010 1204 1132 1233 taceret
1155 1203 1250 1234 lectio
1277 1204 1402 1245 prolixa
1426 1203 1619 1234 chartarum.

1220 1357 1347 1389 xxm.

755 1426 1033 1458 THEoDouAE
1062 1426 1301 1457 AUGUSTAE
1327 1426 1672 1457 THEODAHADUS
1697 1426 1799 1457 Rex.
1995 1455 2024 1475 a·
2043 1447 2103 1475 555

563 1496 784 1537 Suscipientcs
811 1496 954 1536 legatum
980 1500 1123 1526 vestrum
1150 1496 1252 1526 virum
1279 1496 1580 1537 eloquentissimum
1606 1496 1737 1526 Petrum
1764 1499 1809 1532 et,
1842 1496 1927 1537 quod
1953 1500 2002 1527 est
2026 1497 2105 1538 ipsis

457 1548 668 1589 dignitatibus
694 1548 923 1581 honorabilius,
950 1547 1066 1578 vestris
1093 1548 1258 1588 obsequiis
1283 1548 1516 1581 inhaerentem,
1541 1552 1651 1589 optata
1676 1548 1769 1578 nobis
1788 1548 1956 1588 Augustae
1980 1549 2104 1589 gratiae

457 1600 655 1631 monimenta
683 1600 856 1636 fulserunt.
891 1603 925 1630 ut
954 1610 1011 1641 per
1041 1610 1113 1630 eum
1143 1599 1342 1630 disceremus
1373 1604 1544 1641 acceptum
1574 1599 1665 1630 vobis
1697 1610 1783 1635 esse.
1817 1600 1901 1640 quod
1930 1600 1963 1630 in
1988 1600 2046 1631 hac
2071 1611 2104 1630 re

457 1652 586 1693 publica
621 1655 748 1682 constat
780 1652 940 1682 evenisse.
989 1651 1179 1682 ostendistis
1213 1662 1270 1681 vos
1298 1651 1432 1692 diligere
1462 1651 1613 1692 quicquid
1643 1651 1683 1682 ad
1712 1652 1866 1682 iustitiam
1897 1652 2105 1693 cognoscitur

415 1711 432 1727 2¹-
458 1704 636 1744 pertinere.
674 1702 801 1744 quando
838 1714 895 1744 per
930 1703 1070 1733 divinam
1106 1702 1339 1744 providentiam
1378 1703 1462 1733 omni
1497 1703 1682 1744 suspicione
1717 1702 1847 1733 detersa
1877 1703 2104 1734 desiderabilis

458 1758 566 1795 potest
597 1755 790 1785 unanimitas
819 1766 1020 1796 permanere.
1069 1765 1153 1785 nunc
1184 1758 1234 1785 est
1265 1754 1372 1795 potius
1405 1754 1488 1795 quod
1517 1765 1618 1795 regna
1648 1754 1821 1795 coniungat
1846 1755 2016 1796 promissio
2040 1756 2105 1786 fixa

458 1809 489 1836 et
519 1807 625 1837 votiva
655 1806 831 1837 concordia.
880 1806 920 1836 Et
952 1806 1023 1837 ideo
1048 1807 1137 1837 illum
1164 1807 1266 1836 virum
1292 1807 1512 1837 venerabilem
1538 1807 1654 1837 vestris
1679 1806 1908 1848 conspectibus
1934 1817 2008 1837 vere
2034 1807 2103 1848 dig-

458 1858 624 1888 nissimum
654 1859 796 1899 legatum
826 1863 968 1889 nostrum
999 1858 1037 1889 nd
1068 1869 1122 1889 vos
1147 1859 1331 1900 specialiter
1355 1858 1548 1889 credidimus
1574 1869 1647 1889 esse
1673 1858 1891 1899 dirigendum.
1928 1862 1977 1893 ut,
2012 1859 2103 1889 vobis

458 1910 694 1942 annitentibus.
731 1910 928 1940 serenissimi
962 1911 1079 1951 iugalis
1114 1911 1211 1941 vestri
1245 1910 1333 1951 pacis
1365 1910 1471 1950 gratia
1504 1910 1676 1945 solidetur,
1713 1913 1871 1951 quatenus
1904 1911 2103 1951 generalitas

458 1962 622 1992 evidenter
652 1966 807 2002 agnoscat
837 1962 949 1992 merito
979 1962 1104 1992 venisse
1130 1973 1187 1992 nos
1213 1961 1251 1992 ad
1278 1962 1474 1992 suavitatem
1499 1961 1638 1992 foederis
1663 1973 1721 2003 per
1744 1962 1808 1992 tale
1834 1962 1996 1992 vinculum
2022 1962 2104 1992 cari-

458 2014 542 2043 tatis.
590 2013 631 2043 Et
655 2014 728 2054 quia
755 2014 853 2044 semel
878 2013 962 2044 bene
987 2014 1066 2044 inita
1091 2014 1180 2044 nulla
1204 2013 1326 2044 debent
1351 2013 1512 2043 contraria
1537 2014 1705 2043 occasione
1730 2013 1892 2055 suspendi.
1919 2013 2036 2054 siquid
2055 2017 2104 2044 est

459 2064 543 2105 quod
567 2064 757 2095 difficultate
784 2066 832 2095 sui
855 2066 945 2095 nobis
963 2076 1025 2095 11011
1045 2068 1172 2107 oportet
1189 2066 1320 2106 imponi.
1347 2065 1527 2106 sapientiae
1545 2069 1673 2095 vestrae
1691 2065 1912 2096 moderatione
1930 2065 2104 2106 mitigetur,

458 2120 492 2147 ut
516 2117 684 2155 affectum.
713 2128 807 2157 quem
834 2117 918 2147 circa
943 2128 1078 2158 regnum
1104 2122 1246 2148 vestrum
1272 2117 1391 2147 habere
1417 2117 1598 2158 coepimus,
1625 2116 1752 2158 iugibus
1777 2117 1891 2148 studiis
1916 2127 2104 2158 augeamus.

459 2168 665 2210 Quapropter
698 2169 811 2209 erigite
846 2174 972 2199 vestrae
1007 2170 1188 2211 sapientiae
1220 2169 1406 2199 firmitatem
1439 2173 1471 2199 et
1504 2169 1586 2199 hauc
1620 2169 1710 2199 vobis
1740 2169 1879 2210 palmam
1910 2168 2104 2200 concordiae

432 2232 439 2242 ³
461 2220 645 2261 specialiter
668 2220 839 2254 vindicate,
864 2225 907 2252 ut.
933 2222 1015 2251 sicut
1040 2221 1286 2252 clementissimi
1312 2221 1516 2261 imperatoris
1542 2221 1627 2251 fama
1651 2220 1682 2251 in
1702 2220 1834 2261 proeliis
1851 2221 1960 2251 inclita
1977 2220 2105 2259 dicitur,

459 2272 504 2302 ita
536 2272 567 2301 in
599 2272 687 2312 pacis
716 2272 819 2302 studio
851 2274 958 2314 opinio
991 2277 1098 2304 vestra
1129 2277 1318 2303 cunctorum
1349 2273 1571 2303 ammiratione
1601 2272 1758 2303 laudetur.
1813 2272 2016 2303 familiariter
2047 2283 2103 2303 vos

460 2326 491 2353 et
521 2323 707 2364 frequenter
737 2324 844 2354 videat
876 2324 989 2355 harum
1022 2325 1158 2366 portitor
1190 2335 1284 2366 quem
1314 2324 1435 2361 direxi„
1468 2325 1619 2366 quatinus
1651 2324 1801 2355 effectum
1834 2324 1935 2365 possit
1965 2324 2105 2355 celerem

562 2445 847 2475 BZNKE(F).·H(‹;J)
866 2447 982 2478 deficiunt

561 2522 576 2546 :3
600 2523 682 2554 petius
708 2532 754 2546 om.
775 2523 824 2546 ΖΝ
923 2528 1029 2548 tractare
1056 2525 1080 2547 Ι(
1213 2524 1228 2548 4
1254 2523 1389 2556 propriam}
1420 2527 1529 2547 nestram
1549 2523 1600 2546 ΖΝ
1734 2523 1750 2547 5
1774 2522 1868 2555 ablabi]
1898 2523 1985 2547 ablani
2010 2522 2107 2554 illeyer,

458 2566 535 2590 abani
556 2566 613 2589 libri
695 2566 772 2589 nostri
792 2566 866 2589 EFA
984 2566 999 2590 fi
1019 2567 1138 2590 historica
1156 2576 1203 2590 0111.
1226 2568 1247 2590 ,1
1332 2570 1497 2591 monumenta
1516 2566 1540 2590 B
1657 2565 1670 2590 7
1691 2564 1738 2597 eis]
1758 2566 1783 2590 in
1803 2567 1838 2589 eis
1857 2566 1897 2589 El
2014 2564 2030 2589 ὅ
2048 2573 2106 2589 0011-

458 2607 570 2639 suerantl
592 2608 640 2637 13²,
668 2612 771 2632 suerant
791 2608 838 2634 1³³¹.
866 2614 1053 2633 consueuerant
1073 2609 1222 2633 ZXJx'Elffii
1317 2610 1482 2633 ueracitatem
1502 2609 1545 2633 Ea
1667 2609 1682 2632 9
1701 2607 1886 2640 contendimus]
1916 2609 2046 2633 condimus
2065 2607 2105 2631 12¹¹

461 2651 490 2675 ll
511 2650 677 2681 associentur]
694 2651 776 2677 ΕΓΔ,
795 2653 935 2676 associetur
948 2652 1050 2676 L’ZXK
1110 2651 1189 2684 prius]
1212 2653 1294 2684 potius
1306 2652 1334 2676 F
1428 2652 1457 2676 1Ῐ
1479 2656 1507 2676 ut
1520 2661 1577 2676 enm
1591 2661 1638 2676 em.
1651 2651 1690 2675 E¹
1747 2651 1839 2675 affectu
1854 2651 1902 2675 BA
2003 2651 2031 2674 111
2051 2659 2106 2682 pro-

459 2693 521 2726 lixa]
542 2695 633 2718 diffusa
654 2694 730 2721 lxm-11,
748 2704 795 2717 om,
819 2694 858 2718 Ix'¹
965 2695 996 2719 21
1017 2696 1101 2719 uirum
1121 2705 1168 2719 ωιι.
1189 2695 1212 2718 Β
1282 2696 1500 2727 elegantissimum
1521 2697 1544 2719 A
1657 2694 1689 2718 23
1708 2698 1873 2719 monumenta
1893 2694 1947 2718 BK
2013 2695 2106 2718 dicere-

459 2746 516 2762 mus
535 2737 660 2762 BUOEF
782 2737 815 2762 24
834 2739 965 2762 ostenditis
985 2739 1024 2761 Νι
1148 2738 1179 2762 2Ῑ
1199 2740 1344 2770 aspectibus
1363 2739 1391 2762 Γ
1511 2738 1543 2763 28
1562 2736 1723 2769 credidinms]
1744 2737 1802 2767 ΒΖ,
1831 2738 1957 2762 eredimus
1977 2737 2105 2761 NKEFA

460 2780 492 2804 ‘29
512 2781 686 2805 annuentibus
705 2781 779 2804 EFA
856 2782 934 2805 nostri
955 2782 977 2805 A
1054 2783 1115 2806 inito
1135 2791 1191 2811 em„
1210 2783 1291 2813 spatio
1310 2782 1405 2811 relicto,
1424 2782 1463 2805 13¹
1574 2780 1606 2805 3⁵2
1626 2781 1699 2805 uobis
1718 2780 1758 2804 Ει
1830 2779 1935 2813 oportet]
1955 2784 2064 2812 opponet
2082 2781 2106 2804 A

459 2823 492 2848 34
511 2825 605 2856 exigite
626 2826 647 2847 A
754 2824 786 2849 36
806 2825 1036 2849 amministrat-imm
1056 2825 1084 2848 X
1184 2824 1215 2848 3?
1236 2823 1370 2856 quatenus]
1391 2834 1441 2857 (1110
1462 2825 1487 2848 Ε
1555 2825 1672 2848 affectum
1691 2823 1730 2847 B¹
