2279 3261
472 181 533 211 468
957 178 1171 205 CASSIODORI
1191 177 1413 204 ORATIONVM
1432 176 1637 209 RELIQVIAE.

623 655 781 680 Taur.s01.1v
890 650 1046 692 pollutam
1071 653 1104 682 et
1127 649 1280 681 volubilis
1303 659 1405 680 urnae
1430 649 1527 681 verti-

886 703 997 744 ginem
1021 706 1191 743 totumque
1215 702 1247 733 in
1272 701 1396 744 Campo
1420 702 1535 733 venale
1559 704 1607 733 ta-

887 765 1031 786 ceamus:
1056 764 1196 796 paresne
1219 753 1353 785 fuerunt
1375 753 1409 784 in
1432 753 1564 795 religio-

889 817 930 837 ne
953 807 1104 846 maiores,
1129 816 1201 837 cum
1225 805 1406 836 simulacris
1430 815 1526 836 sensu

886 857 1075 888 carentibus
1098 857 1310 888 rationabiles
1334 856 1495 898 subplica—

889 911 981 940 rent‘?
1028 909 1224 951 petebantur
1246 908 1333 939 vitae
1356 907 1511 947 remedia,

887 970 970 1002 quae
995 961 1080 991 vitae
1105 970 1240 991 munera
1262 970 1326 991 non
1349 959 1530 992 habebant:

887 1016 930 1050 et,
954 1012 982 1043 si
1007 1022 1138 1043 causam
1163 1011 1316 1054 antiquae
1339 1011 1504 1043 foeditatis

888 1065 1048 1101 excutias,
1073 1064 1146 1106 plus
1169 1063 1225 1095 ille
1248 1066 1388 1105 poterat,
1412 1063 1467 1105 qui
1489 1063 1634 1104 rogabat.

798 1128 822 1146 10
888 1115 1010 1147 Veniat
1033 1125 1118 1146 nunc
1143 1118 1288 1146 vetustas
1312 1114 1352 1146 ad
1376 1114 1519 1146 medium

888 1170 930 1206 et,
956 1167 983 1198 si
1007 1167 1115 1205 audet,
1139 1166 1345 1209 prudentiam
1372 1166 1431 1198 sibi
1455 1177 1527 1197 cum
1551 1177 1626 1197 nos-

887 1219 944 1250 tris
968 1218 1122 1257 vindicet‚
1146 1229 1229 1260 quae
1253 1218 1361 1249 divina
1385 1218 1533 1250 nescivit.

844 1270 974 1302 lactent
997 1281 1031 1302 se
1056 1270 1155 1312 prisci
1180 1270 1326 1301 consules
1348 1273 1542 1312 praepetum

888 1321 1005 1353 initiati
1031 1332 1161 1363 semper
1184 1321 1349 1363 auspiciis,
1375 1321 1430 1363 qui
1454 1324 1561 1352 motus

798 1386 821 1404 ιε»
887 1374 994 1404 avium
1020 1384 1116 1415 quam
1142 1373 1308 1404 hominum
1332 1372 1451 1404 iudicia
1475 1376 1586 1415 capta-

886 1428 1021 1457 verunt:
1047 1425 1197 1456 firmabat
1220 1424 1383 1467 trepidum
1408 1425 1559 1456 candida-

887 1479 955 1508 tum
980 1487 1093 1508 errans
1117 1477 1260 1508 volatus:
1286 1479 1319 1508 et
1343 1476 1498 1507 iudicium

888 1531 959 1559 erat
982 1527 1158 1570 publicum,
1183 1527 1269 1569 quod
1292 1528 1438 1560 venisset
1461 1528 1502 1559 ad
1527 1538 1649 1560 casum.

888 1582 921 1610 et
946 1590 1004 1610 nos
1030 1579 1207 1620 gloriamur
1229 1579 1269 1610 de
1293 1579 1458 1610 sententia
1481 1579 1559 1611 boni

795 1643 820 1662 20
886 1631 1058 1672 principis:
1083 1631 1244 1662 laetamur
1267 1630 1307 1661 de
1329 1641 1492 1662 consensu
1515 1642 1565 1662 se-

1440 1685 1535 1714 natus
1551 1701 1562 1714 „³
1576 1702 1587 1713 .
1600 1702 1611 1713 .

577 1778 840 1810 Tam-‹Tazensefolium
863 1778 891 1802 [v
910 1777 965 1807 (Β).
986 1792 1015 1794 -
1037 1781 1086 1801 lota
1105 1779 1204 1809 passima
1223 1788 1239 1802 (ι.
1259 1779 1373 1810 Peyron&
1392 1782 1415 1802 et
1432 1777 1536 1802 Bamliu
1555 1777 1616 1809 (Bb)
1636 1779 1708 1811 leem,
1726 1788 1743 1804 a
1762 1780 1889 1804 Krusclzio
1910 1777 1970 1810 (Bk)
1989 1779 2090 1803 relecta.

571 1870 596 1902 1)
616 1871 741 1896 Pollutam
761 1876 784 1895 et
804 1871 827 1895 l:
882 1880 951 1896 urnae
970 1872 994 1895 B
1091 1872 1106 1896 2
1122 1875 1180 1903 pos!
1198 1872 1285 1903 ginem
1304 1871 1412 1903 spatium
1427 1871 1451 1895 Β
1547 1870 1563 1895 3
1577 1877 1636 1904 post
1654 1881 1758 1898 ceamus
1776 1874 1886 1905 spatium
1905 1873 1930 1898 B
2026 1871 2042 1896 4
2058 1876 2116 1903 1)οεί

468 1914 576 1939 maiores
595 1915 705 1946 spatium
724 1914 749 1938 Β
854 1914 870 1939 5
889 1915 988 1947 sbplica
1006 1914 1054 1945 Bk,
1073 1915 1171 1947 suplica
1192 1915 1231 1939 Bb
1331 1915 1346 1939 b*
1366 1915 1425 1939 uitae
1445 1915 1469 1938 B
1573 1914 1587 1939 ’ἱ
1606 1917 1723 1947 quaeuitae
1742 1916 1766 1940 B
1864 1916 1880 1941 8
1911 1915 2115 1947 causiantiquae-

468 1957 578 1981 feditatis
597 1957 621 1981 B
716 1957 732 1981 9
748 1962 806 1988 post
824 1959 940 1982 excutias
959 1959 1069 1990 spatium
1089 1958 1112 1982 B
1211 1956 1242 1982 10
1262 1959 1354 1983 Ueuiat
1377 1958 1396 1981 Β
1450 1958 1563 1982 betustas
1582 1958 1607 1982 Β
1704 1959 1733 1983 11
1753 1960 1802 1984 siui
1822 1959 1846 1984 B
1941 1958 1974 1984 12
1992 1955 2114 1989 vindicet]

467 2000 577 2032 Peyron,
596 2001 681 2025 uincet
693 2001 731 2031 Β,-
749 2010 807 2026 cum
827 2002 919 2026 nostris
945 2001 1043 2034 (parem
1063 2010 1119 2026 esse
1138 2002 1284 2033 contendat,
1302 2000 1365 2034 nou)
1381 2002 1465 2026 vincet
1478 2001 1627 2033 Mommsen,
1646 2009 1704 2026 cum
1718 2003 1810 2027 nostris
1829 2002 1985 2027 contendens
2003 2001 2115 2026 vindicet

467 2051 510 2074 e'qo
564 2048 622 2068 ante
641 2052 698 2075 quae
716 2045 827 2076 spatham
846 2044 869 2068 Β
923 2045 1031 2069 nescibit
1049 2044 1073 2068 Β
1163 2043 1194 2068 13
1220 2045 1319 2069 lactent
1336 2044 1361 2068 B
1414 2048 1552 2076 praepetum
1571 2044 1595 2068 Β
1684 2044 1716 2070 14
1737 2045 1868 2077 autspiciis
1893 2045 1961 2069 linea
1985 2044 2088 2076 obliqua
2106 2048 2116 2068 t.

467 2085 547 2109 deleto
570 2084 618 2117 Bk,
637 2087 779 2119 nuxspieiis'
796 2091 918 2118 expuncto
938 2097 954 2111 x
972 2087 1012 2112 Bb
1065 2091 1124 2112 avite
1148 2087 1192 2119 qui
1213 2087 1324 2118 spatium
1343 2087 1367 2110 Β
1455 2087 1487 2113 15
1503 2092 1561 2119 post
1579 2088 1667 2112 auium
1686 2088 1796 2119 spatium
1814 2087 1839 2112 B
1928 2087 1959 2112 16
1978 2088 2072 2112 berunt
2090 2086 2115 2110 B

468 2128 500 2153 17
523 2129 624 2153 bolatus
644 2129 668 2153 B
725 2134 783 2154 mite
808 2135 832 2155 et
854 2131 964 2162 spatium
983 2131 1006 2154 R
1094 2129 1126 2155 18
1145 2135 1204 2161 post
1228 2130 1359 2162 publicum
1384 2131 1494 2162 spatium
1513 2130 1538 2154 Β
1626 2129 1657 2154 19
1683 2129 1717 2163 et]
1741 2135 1768 2155 at
1786 2131 1927 2155 ,Μοηιτηεεπ
1985 2131 2066 2155 sentia
2091 2130 2115 2154 B

467 2170 501 2196 20
519 2176 577 2196 ame
595 2172 711 2197 laetamur
728 2173 838 2205 spatium
856 2173 881 2197 B
