2279 3261
863 818 1620 879 ORTHOGRAPHICA.

525 943 670 981 Quanam
695 954 769 974 usus
794 942 834 973 sit
852 942 1059 974 Cassiodorus
1084 943 1313 985 orthographia,
1336 944 1467 975 fortasse
1491 944 1625 985 intellegi
1650 945 1762 986 poterit
1785 956 1823 975 ex
1846 945 1976 976 aliorum
1999 945 2066 976 eius

417 1007 542 1038 operum
567 996 735 1034 oodioibus,
759 995 852 1026 modo
875 1000 979 1026 extent
1001 996 1188 1038 exemplaria
1211 995 1251 1027 ad
1275 996 1409 1027 auctoris
1434 1000 1564 1027 aetatem
1582 1007 1676 1037 prope
1697 995 1887 1033 aoeedentia;
1912 997 2064 1028 variarum

416 1047 485 1078 libri
516 1047 607 1078 hodie
639 1047 701 1078 noti
730 1058 800 1078 oum
831 1046 1028 1078 nudes-imum
1058 1048 1214 1078 saeculum
1243 1059 1304 1078 non
1333 1052 1492 1089 superent,
1525 1047 1555 1078 iu
1586 1047 1763 1078 universum
1794 1052 1964 1089 sequuntur
1993 1060 2067 1080 suae

416 1099 524 1130 aetatis
558 1110 646 1130 usum
678 1099 771 1130 immo
803 1099 948 1137 abusum,
980 1110 1079 1141 pauca
1109 1099 1219 1141 optimi
1250 1099 1362 1141 quique
1390 1103 1515 1130 servant
1538 1099 1647 1130 aetatis
1671 1099 1805 1130 melioris
1830 1100 2067 1142 orthographiae

416 1151 558 1192 vestigia,
585 1150 669 1181 nulla
697 1151 823 1181 omnino
847 1151 1054 1192 proprietatis,
1085 1161 1177 1192 quam
1201 1150 1281 1181 intra
1304 1150 1451 1181 terminos
1476 1149 1589 1181 saeculi
1613 1150 1677 1180 eius¹
1702 1150 1924 1181 cousuetudine
1947 1151 2065 1193 positos

416 1202 515 1233 cuivis
549 1202 693 1244 scriptori
727 1202 792 1233 iure
827 1202 1039 1233 attribuemus.
1089 1202 1307 1243 grammaticae
1340 1201 1414 1232 artis
1445 1201 1526 1243 leges
1557 1201 1596 1233 ab
1625 1201 1683 1232 hoc
1712 1202 1862 1244 scriptore
1893 1214 1952 1233 non
1984 1203 2065 1234 bono

416 1265 502 1291 sane,
535 1253 588 1284 sed
618 1253 742 1284 minime
773 1253 888 1285 inculto
919 1258 949 1284 et
978 1254 1132 1285 illustrato
1159 1253 1328 1285 litterarum
1358 1253 1521 1295 splendore
1550 1254 1654 1295 aliquo
1684 1254 1754 1285 lieet
1783 1254 1886 1285 fucato
1909 1260 1989 1286 recte
2012 1255 2065 1286 ob-

416 1309 553 1336 servatas
583 1316 649 1336 esse
678 1305 748 1336 lieet
780 1305 939 1346 probabile
968 1306 1020 1343 sit,
1053 1305 1148 1336 nihilo
1178 1305 1279 1336 miuus
1303 1305 1455 1336 Gothicae
1484 1305 1593 1336 aetatis
1625 1305 1745 1336 erudito
1773 1305 1971 1337 abiudioaudi
2004 1318 2064 1337 non

415 1362 502 1387 erunt
527 1357 711 1387 barbarismi
736 1356 861 1398 quidam
886 1357 929 1388 ita
952 1357 1132 1398 comparati,
1155 1361 1190 1387 ut
1213 1356 1251 1387 ad
1269 1356 1410 1387 librariis
1434 1356 1485 1387 vix
1503 1355 1668 1387 videantur
1683 1357 1785 1387 referri
1810 1368 1909 1399 posse,
1934 1358 2066 1389 maximo

416 1408 518 1440 sutura
550 1409 715 1440 verborum
747 1420 907 1450 perperam
940 1408 978 1440 ad
1013 1407 1179 1439 secundam
1210 1408 1374 1445 declinata,
1410 1408 1513 1449 qualia
1544 1412 1617 1439 sunt
1645 1409 1869 1440 custodibinms
1897 1410 2001 1449 338,ss
2025 1429 2064 1431 4

416 1460 589 1499 loqzcrbitm·
612 1462 736 1499 338,17
756 1480 793 1482 4
818 1461 988 1491 neseibitur
1011 1461 1082 1497 337,
1097 1461 1134 1491 31
1160 1480 1199 1481 j
1222 1460 1397 1498 patiebitm·
1420 1462 1470 1497 23,
1484 1461 1524 1490 34
1551 1478 1589 1482 —-
1613 1460 1784 1490 smztiebz'tis
1807 1462 1878 1498 304,
1891 1462 1931 1492 24
1955 1465 2066 1492 testata

415 1512 501 1542 libris
532 1517 562 1543 et
594 1512 870 1554 praestant-issimis
897 1517 927 1543 et
958 1511 1103 1549 diversis,
1142 1523 1212 1542 oum
1242 1511 1421 1553 praesertim
1453 1511 1501 1542 vel
1532 1510 1615 1553 apud
1644 1512 1820 1542 Ausonium
1848 1512 1937 1553 epist..
1962 1514 2011 1551 24,
2026 1514 2064 1545 01

415 1563 552 1605 legamus
581 1564 722 1604 sepelibis·
746 1564 876 1595 honores
899 1564 947 1601 (of.
974 1563 1061 1594 Naue
1083 1563 1303 1594 Formenlehre
1320 1563 1358 1594 22
1384 1575 1412 1604 p.
1431 1564 1513 1599 449).
1559 1563 1648 1593 mitto
1672 1563 1824 1594 voeabula
1846 1568 1955 1595 eontra
1978 1575 2065 1595 suam

415 1619 554 1645 naturam
572 1619 729 1656 usurpata,
754 1619 788 1645 ut
806 1615 931 1653 ideoque
947 1626 1003 1656 pro
1022 1614 1087 1645 idco
1104 1615 1164 1651 (18,
1177 1616 1204 1645 3.
1225 1615 1353 1652 100,17.
1377 1615 1518 1652 218,13),
1541 1614 1747 1645 nihilominus
1763 1620 1912 1657 perpetuo
1930 1616 2065 1657 positum

415 1677 471 1707 pro
495 1677 530 1697 eo
554 1666 636 1708 quod
661 1671 707 1697 est
724 1669 899 1705 praeto-ea.
924 1666 984 1696 alia
1008 1665 1122 1696 similia
1144 1676 1182 1696 ex
1206 1665 1307 1696 indice
1329 1666 1531 1706 grammatico
1555 1665 1696 1708 petenda.

522 1719 589 1750 Nos
620 1719 859 1761 ‹n-thographica
890 1719 933 1749 ita
964 1718 1181 1756 formavimus,
1217 1723 1249 1749 ut
1279 1718 1503 1760 expellerentur
1534 1724 1563 1748 ot
1595 1718 1672 1748 vitia
1704 1729 1753 1755 ea,
1788 1729 1867 1760 quae
1897 1729 1913 1749 a
1943 1719 2066 1749 saeculo

415 1771 549 1801 auctoris
579 1771 758 1809 abhorrent,
785 1776 815 1801 ct
844 1782 879 1801 ea
903 1774 1003 1801 aetate
1027 1770 1180 1811 vulgaria,
1211 1769 1264 1801 sed
1289 1769 1480 1801 doctioribus
1505 1769 1648 1800 munibus
1673 1770 1855 1812 improbata.
1901 1770 1942 1801 ita
1965 1781 1980 1800 (J
2003 1774 2030 1800 et
2055 1773 2066 1800 t

414 1822 531 1853 litteras
564 1828 633 1854 ante
663 1835 678 1853 ο
707 1823 717 1853 i
747 1827 935 1864 pernmtatas
967 1821 1213 1859 emendavimus,
1251 1822 1373 1852 vocales
1404 1834 1419 1851 c
1448 1832 1484 1851 m:
1512 1832 1558 1858 ue,
1594 1826 1798 1852 oonsonautes
1828 1822 1843 1852 b
1876 1826 1905 1852 et
1934 1832 1952 1852 υ
1985 1826 2066 1852 res-te

415 1874 624 1912 distinximus,
652 1877 787 1913 euolutam>
811 1874 1001 1915 scripsimus,
1031 1885 1091 1904 non
1116 1876 1228 1904 emtam
1254 1878 1282 1904 et
1305 1885 1321 1904 o
1344 1873 1498 1904 contrario
1522 1873 1681 1910 (laninam,
1710 1884 1770 1903 non
1795 1873 1976 1912 dampnum,
2005 1873 2065 1904 alia

415 1926 526 1956 similia
550 1925 657 1956 eodem
682 1925 774 1956 modo
798 1925 1013 1963 tractavinnls,
1042 1924 1202 1956 codic-ibus
1232 1925 1262 1955 in
1292 1936 1326 1955 ea
1355 1936 1386 1955 re
1409 1925 1534 1966 insuper
1556 1924 1679 1955 habitis.
1724 1925 1930 1966 antiquissimi
1960 1936 2063 1955 eorum

414 1982 444 2007 et
474 1977 596 2019 optimi,
627 1977 656 2007 in
689 1977 788 2008 classe
815 1977 915 2019 prima
939 1976 1250 2018 Mcmtespessulanus
1274 1976 1357 2016 (M),
1388 1976 1419 2006 in
1452 1975 1588 2007 secunda
1612 1975 1773 2007 Leideusis
1797 1977 1864 2015 (L),
1896 1976 1925 2007 iu
1956 1981 2065 2018 quarta

413 2029 624 2059 Bruxellensis
648 2029 710 2068 (B)
734 2040 884 2070 quaenam
909 2029 1049 2070 vestigia,
1074 2032 1107 2058 ut.
1130 2027 1222 2058 modo
1246 2027 1391 2065 diximus,
1415 2028 1606 2059 servaverint
1629 2027 1866 2070 ortliogrzqihiae
1889 2028 1964 2065 eius,
1987 2039 2064 2069 quae

415 2085 501 2111 sexto
525 2080 647 2111 saer-ulo
672 2080 814 2118 obtinuit,
838 2080 1022 2111 duodecimo
1046 2080 1230 2117 exoleverat,
1254 2079 1333 2110 infra
1356 2080 1596 2121 composuimus.

568 2132 749 2163 adulescens
779 2133 807 2163 L
831 2134 881 2170 35,
902 2134 951 2165 29.
986 2133 1055 2171 116,
1077 2133 1124 2164 17.
1159 2132 1227 2170 118,
1249 2133 1295 2163 19.
1328 2131 1362 2162 B
1383 2133 1454 2169 231,
1475 2132 1522 2163 15.
1543 2132 1592 2163 20.
1625 2132 1696 2169 254,
1716 2134 1744 2163 9.
1777 2132 1847 2169 287,
1867 2133 1901 2163 4:
1940 2131 2062 2173 saepius

622 2184 807 2215 adolescens.

568 2235 699 2266 benivol-
724 2236 752 2266 L
769 2236 818 2273 38,
834 2236 884 2266 22.
909 2237 959 2273 39,
973 2236 1001 2267 6.
1026 2236 1124 2272 97,1;
1154 2234 1186 2265 Β
1201 2236 1272 2271 235,
1292 2235 1339 2266 10.
1365 2235 1476 2271 291,1.
1500 2234 1571 2271 292,
1585 2234 1634 2265 28.
1658 2234 1791 2269 297,11.
1815 2234 1886 2270 312,
1899 2234 1926 2264 3.
1951 2234 2021 2271 330,
2035 2236 2062 2266 6.

621 2288 691 2325 348,
706 2289 743 2319 21
773 2306 810 2309 —
836 2286 979 2317 maliuol-
1004 2287 1032 2317 L
1049 2288 1099 2324 21,
1113 2287 1163 2317 22.

566 2338 693 2377 epistzd-
718 2338 751 2369 B
768 2339 901 2376 312,17.
926 2339 997 2375 320,
1012 2339 1045 2376 8,
1069 2337 1190 2376 epistol-
1215 2337 1243 2367 L
1264 2337 1315 2367 lat.
1332 2336 1387 2367 III
1400 2338 1428 2367 3.
1453 2338 1501 2374 80,
1514 2338 1542 2368 8.
1566 2336 1598 2367 Β
1614 2338 1685 2375 320,
1701 2338 1748 2368 12.
1771 2338 1842 2374 333,
1856 2337 1883 2367 9.

565 2390 707 2428 ,ιιιῑηθίνίευ
730 2390 763 2420 Β
779 2391 914 2428 270,15,
938 2389 992 2420 sed
1013 2389 1152 2429 yenitriae
1175 2389 1203 2419 L
1221 2390 1270 2427 54,
1283 2391 1311 2420 3.
1338 2390 1406 2425 179,
1420 2389 1447 2420 7.

569 2441 711 2481 ῖιιί(’ῘΙιῃ-,
737 2441 852 2481 nryley-
876 2442 904 2472 Ι.
921 2443 971 2479 25,
984 2442 1033 2472 31.
1057 2442 1164 2477 27,16.
1186 2442 1235 2478 33,
1249 2442 1298 2473 26.
1317 2441 1426 2477 50,19.
1443 2441 1492 2477 62,
1505 2441 1554 2471 23.
1570 2441 1620 2475 07,
1634 2441 1683 2471 25.
1700 2440 1749 2476 08,
1764 2440 1809 2470 14.
1826 2440 1935 2477 88,16.
1953 2440 2062 2475 90,12.

621 2494 752 2529 150,17.
784 2494 853 2530 151,
871 2495 917 2524 11.
947 2494 1059 2530 201,8.
1088 2494 1227 2530 210,21;
1260 2503 1314 2533 per
1342 2492 1353 2522 ¹i
1381 2493 1493 2529 23,12.
1524 2492 1573 2530 24,
1587 2493 1636 2523 20.
1664 2492 1775 2528 25,28.
1807 2492 1919 2528 34‚19.
1949 2492 2062 2527 3621.

618 2546 667 2579 52,
682 2546 731 2576 24.
763 2546 812 2582 523,
829 2546 874 2576 13.
904 2546 953 2582 58,
970 2546 998 2575 4.
1014 2545 1060 2575 15.
1089 2544 1138 2581 08,
1155 2544 1204 2575 34.
1235 2545 1284 2575 09.
1302 2544 1351 2574 28.
1377 2545 1425 2579 71,
1440 2544 1490 2574 28.
1520 2544 1569 2579 80,
1586 2544 1631 2574 17.
1660 2544 1709 2579 88,
1725 2544 1774 2574 27.
1804 2544 1853 2580 95,
1870 2544 1919 2574 30.
1949 2544 1999 2579 98,
2015 2543 2062 2573 18.

622 2597 750 2631 102,12.
778 2597 845 2633 100,
860 2597 909 2627 23.
936 2596 1004 2632 129,
1017 2597 1067 2627 20.
1096 2595 1226 2631 138,10.
1252 2596 1320 2631 147,
1334 2596 1384 2625 30.
1418 2595 1486 2631 150,
1499 2595 1548 2625 30.
1582 2595 1711 2631 155,27.
1746 2595 1814 2631 158,
1827 2595 1854 2624 5.
1872 2595 1900 2625 6.
1931 2595 2060 2629 191‚24.

618 2649 689 2684 207,
706 2649 750 2679 17.
775 2649 846 2684 212,
859 2649 908 2679 20.
932 2649 1002 2685 213,
1019 2648 1065 2678 19.
1083 2666 1121 2668 —
1146 2646 1178 2676 B
1195 2647 1324 2679 28211.
1340 2647 1388 2677 14.
1412 2646 1483 2683 285,
1497 2647 1546 2677 20.
1558 2646 1608 2677 27.
1634 2646 1764 2683 288,13.
1780 2646 1850 2683 299,
1863 2646 1912 2676 33.
1930 2646 2060 2681 302,17.

617 2700 755 2737 319,13;
786 2699 975 2740 frequentius
1006 2709 1060 2740 per
1090 2699 1111 2735 i,
1141 2702 1173 2728 ut
1199 2699 1270 2734 226,
1282 2700 1310 2729 6.
1342 2698 1475 2735 245,13.
1504 2698 1575 2734 247,
1589 2698 1616 2728 2.
1645 2698 1716 2733 249,
1728 2699 1756 2727 3.
1785 2697 1919 2734 267,14.
1948 2698 2020 2732 302,
2033 2699 2060 2728 5.

618 2752 751 2787 307,15.
779 2752 851 2789 308,
864 2753 912 2782 31.
942 2752 1014 2789 309,
1030 2752 1076 2782 12.
1092 2752 1130 2782 19
1152 2754 1222 2787 cet.;
1256 2761 1332 2780 corr.
1355 2762 1370 2778 ι»
1394 2750 1424 2780 in
1450 2749 1460 2778 i
1483 2750 1554 2786 336,
1567 2750 1621 2785 30;
1658 2759 1733 2778 corr.
1757 2749 1769 2777 ri
1792 2748 1822 2778 in
1846 2759 1861 2778 e
1884 2749 1955 2784 250,
1968 2749 1996 2778 3.
2020 2767 2060 2769 —

618 2801 661 2832 M
679 2807 758 2833 recte
784 2804 831 2837 10,
844 2804 872 2833 9.
898 2804 988 2837 21,3.
1012 2804 1062 2839 34,
1078 2804 1124 2834 19.
1147 2803 1196 2839 07,
1210 2803 1258 2833 25.
1284 2821 1321 2823 —
1351 2801 1376 2832 O
1396 2812 1519 2842 quoque
1542 2800 1704 2841 aliquoties
1729 2804 1816 2830 reete.
