2279 3261
836 193 1030 219 VARIARVM
1052 194 1124 223 VIII,
1143 194 1183 220 ⁶21.
1203 194 1242 220 212.
1799 195 1861 224 253

211 278 372 321 probitate
396 278 532 310 laudari.
578 279 727 321 primum,
752 279 838 321 quod
861 290 924 310 non
949 279 1101 312 minimae
1126 280 1232 312 laudis
1256 285 1403 323 praestat
1427 282 1562 318 initium,
1592 282 1728 313 infantia
1752 292 1862 312 corum

213 334 263 362 est
286 333 364 362 nota
393 330 526 372 palatio.
573 331 619 362 sie
648 332 733 362 fctus
763 332 822 367 tui,
854 342 944 363 more
974 333 1101 373 aquilae
1130 344 1164 363 se
1192 334 1385 375 probantes,
1416 335 1544 375 regales
1573 335 1683 365 oculos
1712 334 1752 364 ab
1782 333 1862 375 ipsis

211 393 317 424 paene
342 381 513 413 cunabulis
538 383 752 424 pertulerunt.
800 384 948 415 relucent
965 385 1061 415 etiam
1080 385 1184 425 gratia
1201 385 1314 425 gentili
1339 396 1398 417 nec
1423 389 1551 417 cessant
1574 396 1733 417 armorum
1764 385 1863 416 imbui

212 433 349 465 fortibus
373 433 544 464 institutis.
590 434 688 465 Pueri
713 435 821 477 stirpis
846 435 1011 467 Romanae
1036 439 1147 467 nostra
1176 437 1287 477 lingua
1316 438 1499 479 loquuntur.
1532 438 1651 469 eximie
1681 437 1861 468 indicantes

212 485 370 517 exhibere
394 496 428 516 se
453 485 545 516 nobis
568 486 708 517 futuram
733 487 839 523 fidem,
865 498 999 528 quorum
1024 488 1085 518 iam
1104 488 1254 519 videntur
1271 489 1443 520 affectasse
1460 500 1652 521 sermonem.
1692 489 1860 524 habemus,
1893 495 1903 511 ⁵

212 537 297 569 unde
321 537 394 575 tibi,
425 538 506 568 felix
530 541 632 579 pater,
664 539 843 580 praemium
868 539 986 570 debeat
1009 540 1137 575 referri,
1169 541 1221 581 qui
1246 545 1277 572 et
1301 541 1436 572 filiorum
1461 546 1587 572 tuorum
1614 542 1707 573 nobis
1737 542 1862 572 animos

212 589 367 632 optulisti.
414 594 611 631 quapropter
636 591 745 622 multis
771 591 936 622 laboribus
960 592 1127 633 multaque
1156 592 1218 622 fide
1250 597 1282 623 ct
1312 594 1493 624 constantia
1522 594 1731 635 comprobato
1761 593 1861 634 patri-

212 642 314 673 ciatus
339 641 399 672 tibi
423 641 484 673 deo
510 642 643 683 auspice
669 643 864 674 conferimus
889 643 1097 684 dignitatem,
1131 644 1286 675 honorem
1312 645 1442 686 quidem
1467 646 1606 679 celsum,
1637 645 1694 676 scd
1721 646 1773 686 qui
1798 645 1861 675 tuis

211 694 334 725 meritis
368 694 525 736 probetur
558 695 714 736 aequalis.
768 695 874 727 fruere
911 696 1010 737 igitur
1045 696 1283 738 probatissimis
1319 697 1493 731 institutis,
1530 701 1565 728 ut
1601 707 1672 728 eum
1709 700 1743 727 tu
1779 697 1863 727 bona

211 746 438 788 geminaveris,
463 746 583 778 nostris
608 747 725 778 iterum
750 747 917 779 beneficiis
942 748 1105 789 augearis.

984 876 1095 907 XXII.

531 944 727 975 SENATUI
751 944 885 976 URBIS
911 945 1068 977 ROMAE
1093 946 1418 978 ATHALARIOUS
1443 947 1544 978 REX.

316 1014 350 1046 Si
374 1014 485 1045 favore
510 1018 618 1045 vestro
643 1014 760 1055 dignus
785 1019 843 1049 est.
868 1017 921 1057 qui
945 1016 996 1047 vel
1021 1017 1123 1048 semel
1142 1017 1251 1058 regale
1268 1018 1374 1059 potuit
1391 1018 1565 1059 impetrare
1583 1017 1749 1048 iudicium.
1774 1016 1860 1058 quid.

210 1070 322 1110 patres
347 1067 532 1108 conscripti,
564 1067 611 1098 vir
635 1067 826 1108 magnificus
851 1069 1028 1100 merebitur
1052 1069 1244 1111 Cyprianus,
1278 1071 1330 1111 qui
1356 1070 1447 1100 vobis
1471 1070 1592 1100 totiens
1616 1070 1739 1111 gratior
1765 1069 1862 1099 debet

211 1120 310 1158 effici,
340 1119 490 1161 quotiens
520 1130 538 1150 a
566 1119 660 1150 nobis
690 1119 868 1160 dignitates
898 1122 1080 1162 acceperit?
1128 1125 1291 1153 certantes
1321 1123 1351 1152 in
1381 1122 1484 1153 stadio
1517 1123 1721 1154 numerosior
1745 1132 1863 1152 corona

211 1173 378 1213 glorificat,
401 1171 590 1214 Olympicos
608 1182 720 1202 currus
737 1172 890 1214 frequens
909 1173 1015 1214 palma
1034 1173 1195 1205 nobilitat:
1222 1175 1267 1205 sic
1286 1175 1337 1205 vel
1362 1175 1393 1205 in
1418 1174 1543 1205 levibus
1568 1174 1666 1205 rebus
1691 1173 1862 1214 gloriosior

211 1224 359 1263 efficitur,
390 1224 441 1255 cui
469 1224 657 1266 frequenter
685 1225 831 1265 praemia
855 1224 1075 1256 conferuntur.
1121 1225 1161 1257 de
1186 1227 1288 1267 primo
1315 1226 1454 1268 denique
1480 1230 1634 1267 provectu
1658 1229 1766 1267 potest
1790 1236 1862 1256 esse

211 1277 385 1315 cunetatio,
416 1276 491 1307 dum
515 1276 608 1307 multi
632 1276 750 1306 fallunt
773 1277 926 1318 principis
952 1278 1104 1313 animum,
1135 1277 1263 1318 quando
1288 1278 1383 1309 facilc
1409 1282 1458 1308 cst
1483 1277 1630 1316 illudere,
1659 1278 1710 1308 cui
1735 1287 1862 1318 semper

210 1332 320 1359 votum
345 1332 394 1360 est
418 1327 635 1370 praestitisse:
661 1328 718 1359 sed
743 1328 842 1359 talem
866 1329 984 1360 mentis
1010 1330 1159 1360 exhibuit
1181 1331 1407 1365 constantiam,
1432 1333 1557 1361 tantum
1574 1330 1731 1360 bonorum
1748 1330 1862 1360 habuit

210 1381 422 1423 propositum,
446 1384 481 1411 ut
507 1391 637 1422 semper
660 1381 691 1411 in
717 1391 751 1411 se
776 1381 1002 1422 provocaverit
1026 1381 1151 1422 regium
1177 1392 1304 1413 munus.
1343 1382 1434 1412 Haec
1460 1386 1508 1412 cst
1533 1385 1622 1412 corta
1644 1382 1756 1422 gloria„
1781 1382 1861 1412 haec

210 1432 393 1464 indubitata
424 1432 587 1464 sententia
616 1432 802 1473 frequenter
830 1434 977 1474 potuisse
1008 1435 1137 1470 mereri,
1171 1445 1228 1476 per
1256 1434 1341 1476 quod
1373 1435 1520 1465 homines
1551 1437 1677 1464 constat
1706 1434 1860 1463 coronari.

209 1485 269 1516 hos
301 1486 399 1516 etiam
428 1486 550 1516 intrare
582 1485 611 1515 in
642 1488 782 1515 vestram
814 1485 935 1515 curiam
965 1485 1074 1520 decet,
1108 1486 1160 1527 qui
1190 1486 1229 1517 ad
1260 1487 1380 1528 primos
1411 1486 1550 1517 honores
1580 1496 1644 1516 non
1675 1485 1863 1527 expendunt

209 1538 358 1568 meritum
384 1548 487 1575 suum,
513 1537 570 1568 sed
595 1547 668 1568 cum
692 1548 809 1578 magna
835 1538 1048 1580 susceperint,
1072 1539 1189 1569 iterum
1215 1539 1336 1570 maiora
1360 1541 1596 1580 promerentur.
1643 1540 1758 1568 ornant
1782 1547 1860 1578 quo-

209 1600 271 1631 que
293 1590 378 1620 tales
403 1593 436 1620 et
460 1592 571 1620 nostra
595 1589 724 1625 iudicia,
749 1589 876 1630 quando
901 1590 984 1621 bene
1006 1590 1093 1631 prius
1112 1591 1237 1622 clectus
1256 1590 1408 1627 creditur,
1433 1590 1485 1631 qui
1504 1590 1635 1631 saepius
1653 1589 1862 1631 approbatur.

210 1644 326 1672 natura
354 1641 425 1683 ipsa
455 1641 532 1672 boni
561 1641 705 1671 adhibita
737 1642 979 1683 perseverantia
1007 1645 1177 1682 pretiatur,
1211 1643 1285 1683 quia
1315 1643 1419 1673 minus
1450 1644 1500 1673 est
1529 1641 1691 1672 laudanda
1720 1641 1863 1682 incipere

211 1704 307 1735 quam
323 1693 480 1724 bonorum
497 1693 698 1735 propositum
722 1693 897 1724 custodire.
939 1692 1068 1724 Similes
1093 1693 1252 1724 habuistis
1279 1694 1364 1729 olim,
1390 1697 1497 1735 patres
1523 1693 1707 1734 conscripti,
1731 1692 1861 1726 Decios,

211 1745 333 1775 similes
358 1748 504 1776 vetustas
529 1744 697 1787 praedicat
722 1745 822 1776 fuisse
849 1745 1014 1776 Corvinos.
1061 1756 1165 1787 neque
1196 1746 1280 1776 enim
1312 1746 1362 1776 hic
1388 1746 1446 1781 vir,
1475 1745 1515 1776 dc
1546 1756 1607 1786 quo
1636 1745 1727 1775 nobis
1757 1755 1862 1775 sermo

211 1800 274 1835 est,
304 1801 448 1828 nostrum
479 1797 540 1828 sibi
570 1797 792 1827 tantummodo
823 1797 1008 1828 conciliavit
1038 1798 1218 1828 arbitrium.
1265 1798 1305 1828 ab
1330 1808 1394 1828 uno
1419 1797 1537 1839 quippe
1563 1797 1704 1837 principe
1729 1796 1863 1838 provehi

211 1848 339 1880 videtur
362 1848 447 1879 forte
470 1849 663 1889 gratiosum:
688 1859 762 1879 nam
787 1852 819 1879 et
843 1849 901 1879 sub
920 1849 1022 1880 altero
1040 1850 1199 1880 meruisse
1218 1853 1404 1891 provectum
1423 1848 1509 1890 apud
1526 1852 1682 1890 utrosque
1700 1849 1861 1888 integrum

210 1904 337 1932 constat
353 1900 453 1932 fuisse
472 1900 634 1931 iudicium.
675 1904 808 1931 cunctos
834 1912 912 1942 ergo
939 1912 1098 1942 sequaces
1123 1901 1232 1935 habet,
1257 1902 1309 1942 qui
1335 1900 1455 1941 aliquid
1480 1911 1520 1931 ex
1546 1900 1682 1930 veritate
1707 1899 1862 1930 decernit.

209 1952 306 1983 Hunc
330 1956 505 1994 provectus
532 1953 581 1983 sui
606 1955 772 1983 auctorem
798 1953 925 1985 meruit,
950 1956 985 1982 ut
1009 1962 1067 1982 nos
1092 1955 1355 1993 augmentatores
1380 1951 1569 1992 dignissime.
1595 1951 1762 1992 reperiret.
1806 1951 1860 1981 ille
1880 1958 1901 1974 κ’

315 2073 619 2105 ΒΖΝΜΚΕζΓμῑμη)

313 2151 325 2176 1
346 2151 422 2184 quod]
442 2152 544 2184 quidem
565 2151 587 2175 Α
659 2159 694 2183 pr.
715 2150 783 2174 laud.
804 2150 883 2181 JI²(1',
902 2150 987 2174 laudis
1006 2158 1053 2174 om.
1069 2150 1112 2174 JI¹
1219 2149 1235 2174 2
1254 2153 1291 2174 est
1311 2148 1380 2181 nota]
1402 2149 1505 2175 RJIo'J.
1526 2153 1585 2173 nota
1604 2154 1642 2173 est
1658 2149 1780 2180 plerique.
1805 2155 1861 2174 nuta

208 2203 262 2219 esse
282 2194 305 2219 A
376 2195 413 2220 tui
432 2204 479 2219 om.
494 2194 527 2218 ss!
593 2202 620 2219 se
638 2202 685 2218 om.
701 2193 791 2217 IIG¹I
893 2192 909 2217 3
928 2193 1059 2217 cunabilis
1079 2193 1111 2216 Π
1178 2193 1299 2217 reducent
1318 2192 1359 2216 K¹
1432 2190 1521 2223 imbui]
1542 2192 1640 2216 inlwrui
1659 2192 1691 2216 ΙΙ
1790 2191 1807 2216 4
1826 2193 1862 2216 in-

208 2239 291 2262 stituti
311 2238 356 2262 HI
442 2238 528 2270 pueris
547 2237 575 2261 K
661 2235 754 2267 nostra]
781 2245 839 2261 nam
860 2236 934 2261 HG]
1024 2237 1143 2261 locuntur
1162 2236 1202 2260 B¹
1297 2236 1438 2260 iudicantes
1458 2235 1566 2259 MFIm
1690 2235 1705 2260 6
1728 2237 1819 2260 referre
1839 2236 1866 2259 F

209 2279 223 2305 7
243 2282 370 2306 obtulistis
390 2281 419 2305 N
519 2280 535 2305 8
554 2279 607 2313 qui]
631 2281 692 2312 quid
712 2280 759 2303 ΙΙιἜ
864 2279 878 2303 9
898 2280 1019 2312 probetur
1037 2279 1160 2311 aequalis]
1187 2280 1306 2311 probetur
1324 2287 1378 2303 esse
1398 2279 1479 2310 qualis
1499 2279 1605 2310 (equalis
1624 2278 1704 2304 ][¹›I›
1726 2278 1862 2304 XJJIIGI.

208 2332 264 2349 esse
283 2325 403 2357 probetur
422 2333 477 2356 aeq.
492 2324 552 2355 ΚΓ,
571 2324 694 2356 probatur
712 2332 766 2347 esse
780 2332 835 2355 aeq.
850 2323 899 2347 EA
954 2327 982 2347 tu
997 2321 1072 2355 buna]
1088 2323 1153 2347 bona
1167 2326 1211 2347 tua
1225 2322 1341 2349 MKFA,
1361 2323 1428 2346 bona
1442 2326 1501 2351 (om.
1515 2322 1553 2353 tu)
1569 2322 1593 2345 E
1675 2322 1706 2346 lO
1725 2323 1823 2346 interim
1839 2324 1858 2346 ,1

259 2368 374 2400 augeatis
388 2367 427 2391 Ε1
516 2366 548 2391 12
567 2371 652 2392 nostro
673 2366 847 2391 NJIE²JmI
915 2367 955 2391 uel
976 2375 1023 2391 om.
1037 2366 1063 2390 E
1131 2365 1203 2398 quid]
1223 2373 1259 2401 qu
1273 2366 1302 2390 K
1396 2365 1427 2389 13
1447 2366 1598 2397 magnificiis
1614 2365 1636 2389 J}
1735 2365 1766 2389 14
1784 2366 1860 2397 effici]

208 2420 263 2436 esse
276 2411 382 2443 HGIW,
400 2420 447 2436 om.
463 2411 497 2435 Il*
551 2419 567 2435 a
586 2411 659 2434 nobis
678 2418 725 2434 vm.
740 2409 790 2432 ΖΝ
841 2409 990 2441 dignitatem
1009 2409 1053 2432 ΒΕ
1107 2409 1191 2433 studim
1207 2409 1290 2433 (r'sslw
1340 2413 1398 2440 post
1418 2409 1574 2433 numerosior
1593 2409 1639 2432 iux.
1658 2409 1731 2432 (leber
1751 2417 1805 2432 esse
1817 2409 1860 2432 Jla

209 2454 241 2478 15
259 2462 350 2479 cursus
363 2454 460 2478 HGIA
541 2451 634 2486 palma]
654 2453 782 2485 culpalma
796 2453 842 2476 Η3
922 2453 1054 2477 nobilitate
1068 2452 1100 2476 II
1175 2452 1275 2476 lenibus
1295 2460 1313 2475 r.
1329 2452 1365 2479 ΙΙ,
1385 2452 1435 2476 reb.
1456 2452 1503 2476 len.
1519 2451 1545 2475 Ε
1649 2451 1680 2475 lo*
1700 2453 1825 2483 sreqncter
1840 2452 1863 2475 l:

208 2496 383 2529 conseruntur]
403 2498 548 2522 referuntur
568 2496 698 2520 MKEFA
773 2500 892 2528 prouecta
915 2496 947 2525 il,
973 2497 1088 2527 prosectu
1108 2495 1178 2518 Hm
1268 2494 1298 2519 17
1318 2500 1356 2519 est
1374 2504 1421 2519 om.
1437 2495 1460 2518 Z
1533 2495 1618 2519 ludere
1638 2494 1683 2518 XI
1770 2494 1800 2517 18
1819 2504 1861 2518 ιμ’·-

208 2544 262 2565 tum
282 2540 331 2564 HI
423 2539 524 2572 mentis]
550 2541 652 2565 meretis
672 2540 702 2563 II
795 2539 942 2563 exhibuisse
962 2538 1037 2562 HGI
1132 2538 1251 2562 hahuisse
1272 2538 1344 2562 HG]
1478 2537 1508 2562 19
1533 2546 1631 2569 semper
1655 2538 1691 2561 tis
1711 2537 1742 2560 II
1836 2538 1860 2561 in

208 2592 235 2608 se
254 2592 301 2608 om.
316 2583 385 2608 HG¹
444 2582 553 2616 regium]
574 2592 661 2615 regum
677 2582 736 2608 NG,
755 2591 862 2614 regnum
877 2582 915 2606 E¹
976 2582 1023 2606 hoc
1037 2581 1082 2605 Ha
1141 2582 1203 2606 hae(=
1223 2581 1284 2614 ina]
1305 2582 1346 2606 uel
1366 2582 1416 2605 ind.
1431 2581 1502 2605 HG]
1596 2580 1630 2605 ‘20
1648 2579 1773 2612 coronari]
1790 2581 1861 2605 mit.

209 2628 294 2651 ornari
311 2627 404 2651 JJGvJ
421 2631 443 2651 et
460 2627 554 2658 reliqui
666 2625 698 2650 21
720 2626 796 2650 etiam
821 2626 916 2650 intrare
936 2625 1053 2653 (intrasse
1074 2624 1138 2651 HG]
1163 2625 1188 2648 in
1213 2629 1324 2649 uestram
1345 2628 1466 2655 (nostram
1487 2624 1655 2649 ZA'JIA'Jv'A,
1676 2633 1728 2647 cnr.
1748 2624 1809 2655 dec]
1835 2625 1860 2647 in

209 2674 322 2695 nostram
341 2674 372 2694 et.
392 2671 445 2695 dec.
464 2671 522 2694 intr.
541 2678 594 2694 cur.
608 2669 634 2693 Ε
684 2669 825 2693 extendunt
839 2668 958 2691 leIo'I
1043 2667 1076 2692 22
1096 2677 1189 2700 magna
1206 2677 1254 2692 om.
1269 2668 1322 2692 JIG
1376 2667 1486 2700 quoquc]
1508 2677 1557 2699 qun
1575 2667 1599 2691 Ι(
1685 2666 1718 2691 23
1737 2673 1821 2690 uestra
1839 2666 1861 2689 J:

261 2712 372 2745 quando]
396 2714 518 2745 quoniam
536 2712 631 2737 N²EA
753 2710 787 2735 ‘24
806 2710 868 2744 ipsa]
894 2712 942 2743 ipsi
963 2711 1002 2735 Ει
1091 2711 1229 2743 laudanda]
1256 2711 1428 2735 habundamla
1448 2711 1486 2734 15¹
1608 2710 1641 2734 25)
1661 2708 1729 2741 olim]
1755 2710 1820 2733 enim
1841 2709 1864 2732 Z

209 2755 242 2780 26
261 2760 390 2780 uestustas
409 2755 438 2780 I(
505 2756 668 2788 praedicatur
688 2755 719 2778 ][
785 2755 858 2779 nobis
877 2763 958 2778 sermo
977 2753 1024 2786 est]
1045 2763 1127 2779 sermo
1146 2759 1183 2778 est
1203 2754 1276 2778 nobis
1290 2754 1343 2784 III,
1361 2755 1387 2778 fit
1407 2762 1488 2778 sermo
1508 2759 1542 2777 cst
1559 2753 1598 2776 ¹1¹¹
1704 2751 1736 2776 ΣΠ
1755 2752 1857 2783 quippei

209 2807 310 2830 quoque
329 2798 401 2823 HG]
516 2798 549 2823 ‘28
570 2798 642 2831 sorte]
664 2807 723 2830 sepe
743 2797 796 2821 EF
878 2795 947 2829 nam]
968 2798 1017 2821 iam
1039 2798 1061 2821 ,1
1180 2796 1212 2821 29
1232 2797 1351 2821 discernit
1371 2796 1439 2827 ΝΜ,
1463 2797 1574 2821 decreuit
1596 2796 1660 2820 ΠΗ,
1683 2796 1823 2819 decreuerit
1847 2795 1859 2818 l

208 2841 242 2866 3«)
261 2840 361 2874 meruit]
382 2842 479 2866 inuenit
498 2841 587 2865 E²FI
653 2845 842 2873 agmentamres
864 2840 899 2867 ΙΙ,
917 2844 1136 2872 argumematorcs
1157 2840 1186 2863 J!
1258 2845 1385 2872 repararet
1409 2840 1444 2863 ls'

1882 756 1905 773 10

1883 1180 1905 1197 15

1927 1383 1944 1410 2

1881 1440 1905 1457 20

1882 1698 1906 1717 25
1927 1694 1944 1721 3
