2279 3261
368 1754 385 1781 10

447 171 505 199 156
1162 156 1375 193 CASSIODORI

443 255 620 285 retinerent
644 253 865 293 incorruptam
890 251 1009 282 scrinia
1033 253 1214 284 veritatem.
1261 253 1360 284 iudex
1388 264 1471 284 nunc
1501 252 1634 292 exhibe,
1665 252 1751 294 quod
1781 256 1812 284 te
1842 253 1975 284 volebas
2005 253 2092 295 apud

443 306 522 335 alios
547 304 703 335 obtinere.
750 312 828 343 age,
858 312 898 332 ne
923 305 979 332 tua
1003 303 1062 333 tibi
1087 303 1245 335 obiciatur
1268 305 1385 343 oratio,
1416 304 1490 345 quia
1513 304 1639 345 pondus
1669 307 1718 335 est
1747 304 1878 346 pudoris
1908 305 2090 346 gravissimi

442 356 573 397 propria
604 365 682 385 voce
716 353 874 384 convinci.
926 364 1016 385 sume
1050 355 1149 395 igitur
1179 359 1310 387 auctore
1343 356 1403 386 deo
1434 359 1595 386 recturam
1628 355 1846 391 decuriarum,
1879 356 2091 387 humanorum

443 411 572 437 actuum
596 405 841 436 veracissimum
866 408 993 442 testem,
1018 407 1225 438 securitatem
1250 407 1496 448 possidentiumq
1521 407 1672 448 publicae
1697 406 1771 437 fidei
1793 407 2091 448 splendidissimum

412 466 422 482 ⁵
443 458 609 499 templum.
655 457 740 487 unde
771 459 896 487 tantum
927 456 985 487 tibi
1009 457 1113 488 laudis
1137 458 1327 499 adquiritur,
1358 462 1551 500 quantorum
1576 458 1642 489 illic
1666 459 1790 489 utilitas
1814 459 2002 501 incorrupta
2026 469 2091 489 ser·
2132 477 2133 480 =

404 725 428 742 1o

405 1450 430 1468 20

444 513 543 540 vatur.
583 509 682 539 Vivat
706 508 750 538 ibi
775 509 939 549 perpetuis
961 509 1100 540 sacculis
1125 507 1355 541 decedentium
1380 511 1546 540 voluntas:
1572 512 1737 540 transeant
1760 511 1792 540 in
1809 513 1958 552 posteros
1976 510 2093 541 iudicia

441 563 626 602 parentum:
664 560 791 590 scriniis
823 560 886 590 tuis
918 564 1065 591 servetur
1095 561 1236 592 omnium
1268 562 1370 603 quies.
1423 561 1477 592 alii
1512 561 1652 592 honores
1688 561 1830 592 habeant
1865 565 1896 592 et
1930 562 2092 593 terribiles

442 614 563 644 fasces:
589 612 646 642 tibi
672 612 832 642 humanae
852 612 937 642 vitae
962 613 1140 653 gratissimi
1164 613 1316 643 videntur
1341 613 1479 643 militare
1504 613 1665 644 custodes.
1706 614 1751 644 ibi
1773 614 1858 644 enim
1876 614 2094 644 absolutiones

446 668 519 696 sunt
543 664 717 703 hominum⁷
746 664 853 694 vincla
876 674 1058 703 causarum,
1091 668 1205 695 catena
1229 665 1343 700 litium,
1374 675 1484 695 carcer
1508 665 1634 696 furoris.
1681 665 1720 696 de
1750 676 1812 706 quo
1837 666 1945 696 verius
1974 665 2095 695 diceret

447 721 537 749 vates
558 718 754 749 Mantuanus
768 717 807 758 ι);
839 717 1043 748 ‘clauduntur
1060 718 1125 748 litis
1143 721 1266 758 portae,
1292 717 1377 747 furor
1401 717 1516 758 impius
1540 717 1625 747 intus
1649 716 1792 747 inclusus
1815 717 1924 748 fremit
1947 716 2095 747 horridus

444 781 498 800 ore
524 768 677 801 cruento?
718 769 900 800 decuriales
926 770 1025 810 igitur
1048 769 1159 800 habita
1184 769 1371 799 meritorum
1396 769 1623 799 aestimatione
1648 768 1790 809 deligito,
1815 769 1890 810 quia
1913 779 1976 799 non
2001 768 2096 799 decet

443 825 552 852 tantae
580 822 668 852 urbis
700 821 867 863 appellare
898 821 982 862 quod
1007 821 1070 852 vile
1101 824 1161 852 est.
1208 821 1339 851 maioris
1365 821 1463 851 etiam
1487 823 1566 851 natu
1590 823 1696 857 utere,
1729 831 1800 851 cum
1826 821 1923 851 fuerit
1951 830 2094 857 necesse,

445 874 618 909 sententia,
644 873 747 903 factus
772 876 818 903 tot
842 873 987 914 patribus
1013 874 1129 909 senior,
1155 875 1254 904 tantis
1279 873 1462 904 tacentibus
1480 884 1543 904 vox
1561 877 1705 904 senatus.
1745 872 1817 903 vide
1835 872 1909 914 quid
1929 872 2095 913 dignitatis

445 926 628 967 acceperis,
658 929 693 956 ut
723 926 807 956 inter
836 929 883 955 tot
913 927 1103 967 eloquentes
1128 927 1213 957 viros
1240 927 1283 956 sis
1309 926 1435 957 dicendi
1459 925 1646 967 primarius„
1678 936 1758 966 quos
1783 925 1880 955 etiam
1904 924 1997 955 nobis
2021 935 2096 966 pro-

415 986 425 1003 f·
445 978 573 1008 fitemur
590 988 662 1007 esse
680 977 887 1008 reverendos.
924 989 1054 1008 assume
1074 989 1149 1019 ergo
1168 977 1346 1009 concedere
1364 988 1445 1019 quae
1464 977 1622 1010 iubemus,
1648 980 1815 1018 praestare
1833 987 1915 1017 quae
1941 976 2096 1011 cedimus5

445 1034 479 1060 ut
503 1030 565 1060 illis
591 1030 719 1071 aperias
743 1030 857 1060 ianuas
883 1030 1002 1066 curiae„
1028 1041 1106 1070 quos
1130 1033 1243 1060 nostra
1268 1030 1384 1060 electio
1409 1030 1516 1060 aulam
1543 1029 1673 1059 iusserit
1697 1028 1872 1059 Libertatis
1896 1028 2026 1059 intrare.

1220 1200 1329 1232 xxii.

770 1270 966 1301 snmrrr
988 1270 1123 1301 ranis
1146 1270 1303 1301 ROMAE
1328 1268 1649 1300 THEODEnicus
1672 1268 1773 1299 REX.
1915 1296 1944 1317 w
1963 1286 2099 1326 523s52⁶

549 1339 644 1370 Licet
669 1342 761 1369 caute
787 1350 916 1381 semper
940 1339 1111 1381 eligendus
1135 1340 1175 1370 sit
1200 1340 1253 1381 qui
1278 1339 1369 1370 vobis
1396 1339 1532 1369 mittitur
1549 1337 1789 1380 approbandus,
1814 1338 1890 1379 quia
1906 1339 1976 1380 ipse
1995 1339 2098 1379 magis

447 1391 585 1422 traditur
602 1391 755 1429 examini⁷
780 1392 870 1422 cuius
887 1392 1049 1422 sententia
1074 1392 1216 1422 noscitur
1239 1391 1363 1433 prolata
1390 1391 1529 1432 pensari,
1554 1391 1626 1420 illas
1650 1392 1759 1420 tamen
1784 1389 1998 1431 prudentibus
2023 1389 2099 1420 viris

449 1443 566 1473 sociari
596 1443 743 1484 cupimus
773 1443 963 1483 dignitates,
997 1454 1080 1484 quae
1114 1443 1269 1474 Romanis
1299 1443 1427 1474 arcibus
1457 1442 1547 1484 quasi
1576 1452 1725 1483 gemmae
1757 1442 1884 1473 nobiles
1915 1442 2100 1482 affiguntur.

447 1494 503 1524 ubi
528 1494 613 1524 enim
638 1493 768 1534 dignius
795 1495 948 1535 eloquens
970 1505 1065 1535 quam
1083 1495 1114 1524 in
1134 1495 1265 1525 civitate
1282 1494 1429 1536 proficiat
1449 1494 1638 1527 litterarum
1663 1496 1698 1524 ut
1715 1493 1759 1524 ibi
1777 1493 1921 1524 declaret
1938 1494 2101 1527 meritum,

450 1546 507 1576 ubi
531 1545 664 1576 nutrivit
688 1545 872 1586 ingenium?
919 1549 1029 1587 aptum
1055 1549 1105 1577 est
1130 1556 1224 1576 omne
1249 1546 1368 1577 bonum
1394 1546 1473 1576 locis
1499 1546 1564 1576 suis
1590 1549 1621 1576 et
1650 1545 1826 1576 laudabilia
1855 1556 2002 1587 quaeque
2033 1556 2101 1576 sor-

449 1597 595 1633 descunt,
620 1597 681 1627 nisi
707 1608 848 1638 congrua
873 1597 950 1628 sede
968 1597 1146 1639 potiantur.
1186 1598 1319 1638 requirit
1336 1608 1444 1639 pugna
1461 1597 1586 1628 validas
1604 1608 1730 1635 manus,
1756 1597 1922 1628 desiderat
1938 1597 2101 1638 navigium

450 1652 563 1689 pectus
593 1648 789 1679 animosum:
825 1649 870 1679 sic
903 1649 1023 1679 scrinia
1053 1652 1163 1680 vestra
1194 1649 1287 1679 fidele
1318 1650 1536 1691 propositum7
1571 1650 1615 1680 sic
1646 1649 1735 1680 curia
1764 1649 1903 1680 facunda
1935 1649 2102 1680 disertum.

427 1715 430 1724 ¹
450 1701 551 1730 multa
576 1710 653 1740 ergo
679 1700 914 1730 deliberatione.
935 1700 1122 1741 pensandus
1141 1712 1214 1731 esse
1233 1700 1384 1739 creditur,
1410 1701 1462 1741 qui
1482 1701 1615 1732 cottidie
1633 1701 1751 1731 vestris
1770 1701 1919 1732 sensibus
1937 1701 2101 1732 offeratur.

451 1752 640 1793 Capuanum
673 1752 770 1792 igitur
803 1752 1017 1793 spectabilem
1049 1753 1151 1783 virum
1185 1753 1368 1783 aestimatio
1400 1756 1512 1784 nostra.
1542 1753 1705 1795 respexitq
1742 1753 1796 1794 qui
1832 1753 1940 1783 euriae
1973 1756 2101 1784 vestrae

451 1804 647 1835 sententiam
678 1804 808 1834 maioris
840 1807 917 1834 natu
947 1805 1140 1835 auctoritate
1171 1805 1329 1835 facundus
1360 1804 1501 1835 ediceret
1526 1808 1558 1835 et
1584 1808 1716 1835 senatus
1741 1805 1859 1835 scrinia
1883 1805 2102 1835 conscientiae

449 1857 591 1897 puritate
617 1859 773 1888 servaret,
806 1859 841 1886 ut
865 1859 956 1886 actus
980 1856 1053 1887 illos
1078 1856 1197 1887 mundo
1222 1857 1452 1888 celeberrimos
1477 1867 1535 1887 sua
1560 1856 1675 1888 reddat
1699 1857 1886 1897 integritate
1911 1856 2101 1888 laudandos,

448 1918 600 1948 magnum
626 1918 742 1938 munus
766 1910 825 1945 est,
850 1911 959 1949 patres
985 1908 1171 1949 conscripti.
1197 1908 1236 1938 ad
1262 1908 1484 1949 integritatem
1509 1908 1618 1949 deligi,
1643 1918 1703 1939 nec
1725 1908 1932 1939 mediocriter
1949 1909 2104 1950 probatur

451 1960 663 1995 conscientiam
696 1960 746 1990 eui
777 1963 826 1989 est
856 1961 973 1991 veritas
1003 1961 1176 1991 commissa
1205 1961 1420 1991 saeculorum.
1466 1971 1539 1991 nam
1569 1961 1595 1990 si
1624 1960 1832 2002 praedicatur
1861 1961 1954 1992 testis
1984 1961 2038 2002 qui
2071 1961 2102 1992 in

450 2011 617 2053 praesenti
639 2012 771 2052 negotio
796 2022 873 2042 vera
897 2011 1025 2049 dixerit‚
1051 2023 1114 2054 qua
1137 2012 1232 2043 laude
1257 2013 1385 2043 censeri
1410 2013 1539 2054 poterit,
1564 2012 1617 2053 qui
1643 2012 1766 2042 cunctis
1791 2013 1989 2054 temporibus
2015 2016 2104 2043 certa

450 2063 661 2093 transmittit?
709 2063 765 2093 sed
793 2064 939 2105 quamvis
971 2064 1093 2094 alumni
1122 2064 1223 2095 vestri
1256 2064 1405 2095 habeatis
1436 2067 1550 2095 cuncta
1580 2064 1763 2100 notissima,
1796 2064 1884 2095 iuvat
1914 2065 2019 2106 magis
2050 2065 2104 2095 illa

559 2200 785 2233 LRKPanEav

554 2286 570 2311 ‘2
594 2288 653 2319 pud.
674 2292 709 2311 est
731 2287 754 2311 Ιί
877 2286 893 2311 3
918 2287 1087 2320 decuriarum]
1113 2289 1313 2313 decuinanarum
1334 2288 1380 2318 Ao,
1407 2289 1563 2313 deeimarum
1587 2289 1618 2313 al,
1643 2289 1803 2313 decuriarum
1824 2289 1863 2312 Al*
1985 2287 2002 2312 4
2027 2289 2104 2312 ueris-

452 2331 544 2355 simum
565 2330 682 2354 ΚΕΓΛΙ(Δ
776 2331 979 2363 splendissimum
1000 2331 1049 2357 La,
1075 2332 1358 2364 splendissiJdissimum
1378 2331 1416 2355 Ji¹¹
1546 2331 1562 2355 ἴ)
1585 2330 1749 2363 quantorum]
1776 2335 1900 2363 quantum
1921 2331 1972 2360 Jx'2,
1996 2340 2044 2355 ουτ.
2062 2331 2104 2355 ΚΙ

451 2373 466 2397 (3
487 2372 531 2404 ihil
549 2373 630 2400 [ΗΚ
650 2374 696 2397 tibi
711 2373 835 2397 PDEFA
932 2373 945 2397 't'
966 2374 1086 2398 honorem
1100 2374 1126 2398 E
1216 2374 1232 2398 S
1251 2375 1296 2398 uit.
1316 2375 1384 2398 hum.
1402 2374 1516 2398 lx’EFAo
1576 2375 1712 2399 uideantur
1728 2373 1763 2405 F,
1781 2375 1873 2399 dentur
1886 2374 1929 2398 La
1986 2373 2103 2406 militare]

452 2417 560 2440 honores
585 2417 691 2440 militare
713 2416 750 2440 II¹
834 2417 1007 2441 absolutiones
1033 2417 1074 2445 (ad
1098 2417 1238 2441 solutiones
1258 2417 1306 2443 ΑΩ)
1331 2416 1400 2448 sunt]
1426 2421 1485 2442 sunt
1509 2417 1562 2441 abs.
1582 2417 1606 2441 R
1721 2416 1737 2440 9
1760 2417 1863 2441 uincula
1883 2417 1937 2441 EF
2016 2426 2104 2442 eausa-

452 2458 516 2490 rum]
532 2458 738 2489 lss2J<PDEJth
757 2459 905 2483 clausarum
920 2459 983 2483 [ΓΗ
1050 2468 1163 2484 carceres
1178 2459 1255 2490 PbD,
1276 2460 1387 2485 carceles
1401 2460 1441 2484 Pn
1508 2461 1608 2485 doceret
1621 2460 1661 2484 Pa
1768 2458 1800 2484 10
1819 2460 1883 2484 horr.
1905 2469 1938 2484 nr.
1960 2469 1994 2485 cr.
2015 2462 2044 2485 fr.
2060 2459 2106 2485 Fa

453 2502 483 2526 11
504 2502 603 2533 diligito
617 2501 670 2525 EF
762 2501 792 2526 12
812 2503 918 2526 maiores
932 2502 981 2526 PD
1041 2507 1102 2527 natu
1120 2501 1202 2535 utere]
1224 2507 1332 2527 naturae
1347 2503 1384 2526 AC*
1482 2502 1513 2527 15
1532 2511 1598 2535 quae
1618 2503 1730 2528 cedimus
1751 2503 1888 2533 (credimus
1902 2503 1988 2533 EFA)
2003 2512 2050 2527 om.
2064 2502 2104 2526 R¹

453 2544 484 2568 19
499 2545 601 2576 probata
612 2544 662 2568 ΡΙ)
710 2544 804 2576 tamen]
820 2549 919 2569 tantum
931 2545 955 2569 I’
1035 2544 1068 2570 ‘20
1082 2546 1180 2570 artibus
1192 2546 1244 2569 EF
1253 2551 1275 2570 e!
1288 2547 1405 2571 sziacius
1491 2546 1524 2570 ‘22
1537 2545 1662 2578 quaeque]
1677 2555 1778 2578 quoque
1789 2546 1813 2570 R
1899 2545 1932 2571 “23
1946 2547 2052 2571 nauium
2065 2546 2088 2570 R
2097 2546 2105 2561 ¹

450 2587 484 2612 24
509 2592 593 2611 nostra
614 2587 662 2611 ΓΑ
795 2587 828 2612 ‘25
852 2589 942 2613 uestris
965 2587 1040 2620 sens]
1062 2589 1119 2619 EF,
1148 2590 1239 2614 nostris
1263 2598 1329 2613 sens.
1349 2589 1486 2619 LKPDA,
1511 2598 1576 2614 sens.
1603 2590 1695 2613 nostris
1714 2589 1738 2613 R
1870 2588 1903 2614 26
1926 2594 2010 2614 nostre
2030 2589 2108 2613 ΗΕΓ

453 2630 486 2655 25
507 2631 595 2654 muudi
614 2630 638 2653 R
743 2629 776 2655 ‘29
795 2630 881 2663 deligi]
903 2633 949 2662 Δρ,
968 2632 1040 2664 diligi
1060 2632 1119 2656 liba-i
1223 2631 1257 2656 30
1276 2633 1413 2664 predicitur
1432 2632 1458 2656 E
1561 2631 1594 2657 32
1612 2633 1700 2657 iubeat
1719 2632 1743 2656 I’
1811 2633 1845 2656 ill.
1866 2641 1932 2664 mag.
1952 2632 1981 2656 K

557 2759 582 2785 1)
604 2759 667 2784 Aen.
681 2762 702 2785 1,
717 2761 842 2791 museus..-
869 2760 1019 2784 claudentur
1038 2761 1098 2785 belli
1121 2766 1221 2794 portae:
1246 2763 1326 2787 Furor
1351 2762 1442 2794 impius
1467 2762 1534 2786 intus
1559 2770 1634 2786 saeva
1657 2762 1746 2786 sedens
1769 2770 1845 2794 super
1867 2770 1936 2786 arma
1960 2766 1983 2786 et
2003 2766 2104 2786 contum

453 2803 554 2826 vinctus
574 2803 663 2827 ahenis
682 2803 742 2827 Post.
761 2808 859 2835 tergum
880 2803 952 2827 nodis
971 2805 1061 2828 fremet
1080 2804 1195 2829 horridus
1215 2814 1256 2829 ure
1276 2810 1389 2830 cruento.
