2279 3261
393 470 410 499 0⁵

432 731 455 749 10

434 990 456 1007 15

434 1246 457 1264 *20

473 179 511 207 40
1193 172 1405 198 GASSIODORI

472 265 506 292 ut
536 261 753 302 horologium,
785 258 870 300 quod
898 259 991 299 aquis
1021 258 1080 289 sub
1108 258 1236 289 modulo
1265 259 1441 290 fluentibus
1470 261 1671 300 temperatur
1698 262 1730 290 et
1754 258 1838 300 quod
1864 259 1943 290 solis
1968 259 2119 290 immensi

473 313 707 354 comprehensa
723 310 958 341 illuminatione
976 310 1195 351 distinguitur,
1220 320 1292 340 cum
1309 310 1469 351 magistris
1487 321 1593 341 rerum
1615 310 1644 341 ei
1668 311 1885 341 transmittere
1910 310 2118 342 deberemus:

474 368 633 405 quatenus
657 363 837 404 impetratis
863 361 1130 393 delectationibus
1158 361 1369 404 perfruendo,
1400 361 1484 403 quod
1507 362 1600 392 nobis
1626 361 1851 401 cottidianum,
1882 362 1945 393 illis
1970 361 2119 392 videatur

473 426 545 446 csse
562 415 759 445 miraculum.
800 414 913 444 merito
931 413 1091 454 siquidem
1108 413 1271 455 respicere
1289 414 1432 455 cupiunt,
1457 413 1542 454 quod
1559 413 1742 454 legatorum
1759 424 1888 444 suorum
1906 413 2119 445 relationibus

474 468 717 508 obstupescunt⁴
763 465 834 496 Hoc
857 469 889 496 te
915 465 1016 496 multa
1040 465 1220 496 eruditione
1247 465 1431 506 saginatum
1456 465 1501 495 ita
1525 474 1621 495 nosse
1646 464 1827 502 didicimus,
1857 467 1891 495 ut
1915 467 2010 503 artes,
2042 475 2120 506 quas

473 521 627 549 exercent
650 517 829 558 vulgariter
851 517 1050 552 nescientes,
1082 517 1114 547 in
1139 517 1208 558 ipso
1232 516 1475 557 disciplinarum
1499 515 1585 546 fonte
1611 516 1787 557 potaveris.
1835 516 1880 546 sic
1904 517 1989 546 enim
2014 516 2119 547 Athe-

474 569 634 600 niensium
665 569 791 599 scholas
822 568 918 609 longe
948 568 1075 610 positus
1106 568 1258 606 introisti,
1291 567 1337 598 sic
1366 567 1572 608 palliatorum
1604 567 1709 597 choris
1740 567 1899 598 miscuisti
1930 571 2056 609 togam,
2086 571 2122 598 ut

474 620 671 651 Graecorum
696 620 850 661 dogmata
874 620 1051 651 doctrinam
1076 619 1193 650 feceris
1219 630 1291 650 esse
1308 619 1499 650 Romanam.
1540 618 1677 649 didicisti
1700 619 1795 657 enim,
1821 630 1884 661 qua
1900 619 2121 661 profunditate

474 683 546 703 cum
572 673 636 703 suis
660 673 806 714 partibus
832 672 1034 714 speculativa
1058 671 1230 712 cogitetur,
1256 681 1318 711 qua
1342 671 1466 701 ratione
1491 670 1596 700 activa
1620 681 1690 701 cum
1717 681 1775 701 sua
1792 670 1948 702 divisione
1966 671 2121 702 discatur:

474 724 637 755 deducens
673 724 714 754 ad
748 724 922 754 Romuleos
962 728 1130 755 senatores
1172 723 1322 765 quicquid
1357 723 1560 764 Cecropidae
1602 723 1721 754 mundo
1762 723 1908 755 fecerant
1948 724 2122 765 singulare.

474 776 754 806 Translationibus
781 776 865 806 enim
890 776 953 806 tuis
978 775 1180 817 Pythagoras
1205 775 1364 813 musicus,
1395 774 1606 806 Ptolemaeus
1631 778 1834 806 astronomus
1857 775 2010 816 leguntur
2032 775 2121 806 Itali:

474 827 692 858 Nicomachus
715 827 951 864 arithmeticus,
982 827 1200 867 geometricus
1226 826 1379 857 Euclides
1404 826 1579 857 audiuntur
1602 826 1740 857 Ausonii
1752 826 1788 868 1);
1824 826 1917 858 Plato
1943 827 2122 868 theologus,

475 878 671 910 Aristoteles
688 879 812 920 logicus
822 878 847 920 2)
867 878 1023 914 Quirinali
1041 888 1121 909 voce
1138 877 1336 919 disceptant:
1362 878 1586 909 mechanicum
1604 878 1703 909 etiam
1717 878 1945 909 Archimedem
1961 878 2123 910 Latialem

476 930 594 961 Siculis
618 930 797 962 reddidisti.
845 933 877 961 et
901 940 1122 971 quascumque
1147 929 1337 971 disciplinas
1361 930 1413 960 vel
1440 932 1527 960 artes
1559 929 1699 960 facunda
1724 929 1863 961 Graecia
1890 941 1949 972 per
1979 931 2123 972 singulos

476 982 562 1013 viros
594 982 707 1017 edidit,
742 985 773 1012 te
805 992 868 1013 uno
901 984 1034 1012 auctore
1064 981 1169 1023 patrio
1201 991 1350 1012 sermone
1380 981 1486 1011 Roma
1517 981 1669 1022 suscepit.
1721 992 1801 1022 quos
1833 985 1922 1013 tanta
1950 981 2124 1013 verborum

476 1034 653 1065 luculentia
676 1033 843 1064 reddidisti
869 1033 985 1071 claros,
1017 1036 1107 1063 tanta
1131 1033 1261 1074 linguae
1286 1033 1484 1074 proprietate
1510 1033 1718 1074 conspicuos,
1749 1036 1785 1064 ut
1807 1033 1993 1074 potuissent
2017 1036 2050 1064 et
2079 1033 2125 1064 illi

475 1096 554 1127 opus
585 1089 675 1116 tuum
706 1085 887 1126 praeferre,
921 1084 948 1115 si
978 1087 1152 1125 utrumque
1185 1084 1384 1115 didicissent.
1431 1083 1480 1115 Tu
1510 1087 1613 1115 artem
1645 1084 1845 1126 praedictam
1875 1095 1917 1115 ex
1946 1085 2124 1126 disciplinis

476 1137 637 1167 nobilibus
662 1140 770 1167 notam
796 1147 853 1178 per
878 1135 1091 1177 quadrifarias
1115 1136 1272 1167 mathesis
1297 1136 1411 1167 ianuas
1437 1136 1588 1166 introisti.
1635 1139 1669 1166 tu
1694 1136 1781 1167 illam
1804 1136 1837 1166 in
1861 1139 1995 1167 naturae
2024 1147 2123 1178 pene-

476 1188 611 1219 tralibus
637 1188 870 1225 considentem,
896 1191 1065 1218 auctorum
1089 1188 1179 1218 libris
1204 1187 1424 1223 invitantibus,
1450 1187 1555 1218 cordis
1579 1187 1700 1219 lumine
1726 1188 1918 1229 cognovisti,
1950 1188 2001 1219 cui
2024 1187 2125 1219 ardua

477 1250 572 1270 nosse
598 1250 687 1275 usus,
712 1239 869 1270 miracula
892 1242 1076 1270 monstrare
1099 1239 1301 1281 propositum
1326 1242 1385 1269 est.
1424 1239 1555 1269 molitur
1580 1238 1763 1277 ostendere,
1789 1239 1874 1280 quod
1892 1239 2126 1280 obstupescant

475 1291 622 1322 homines
648 1291 796 1322 evenisse
820 1291 964 1332 miroque
989 1290 1084 1321 modo
1110 1291 1234 1321 naturis
1267 1291 1433 1321 conversis
1462 1290 1539 1321 facti
1569 1290 1711 1321 detrahit
1738 1290 1850 1325 fidem,
1882 1301 1954 1321 cum
1983 1293 2126 1321 ostentet

476 1347 507 1374 et
525 1343 624 1374 oculis
641 1343 811 1373 visionem.
850 1342 928 1373 facit
951 1353 1052 1384 aquas
1078 1353 1118 1373 ex
1141 1343 1204 1373 imo
1228 1346 1398 1383 surgentes
1421 1342 1617 1384 praecipites
1643 1342 1770 1380 cadere,
1794 1342 1902 1383 ignem
1927 1341 2125 1384 ponderibus

478 1405 618 1430 currere,
648 1405 770 1435 organa
795 1395 959 1425 extraneis
985 1394 1118 1425 vocibus
1143 1394 1304 1428 insonare,
1331 1397 1363 1425 et
1387 1394 1567 1435 peregrinis
1592 1393 1722 1425 flatibus
1748 1393 1891 1424 calamos
1916 1393 2067 1434 complet,
2091 1396 2127 1423 ut

479 1448 599 1477 minuta
625 1446 753 1488 possint
777 1449 845 1477 arte
871 1450 1013 1479 cantare.
1053 1447 1210 1478 Videmus
1235 1458 1292 1489 per
1317 1457 1387 1478 eam
1419 1446 1625 1478 defensiones
1654 1447 1717 1477 iam
1748 1446 1930 1477 nutantium
1959 1446 2127 1477 civitatum

434 1505 454 1524 ⁴2«
479 1499 584 1530 subito
608 1498 664 1528 tali
693 1498 844 1529 firmitate
875 1509 1086 1540 consurgere,
1115 1502 1151 1529 ut
1180 1498 1513 1530 machinamentorum
1544 1498 1672 1529 auxiliis
1702 1498 1849 1540 superior
1877 1496 2040 1535 reddatur,
2073 1496 2127 1538 qui

478 1551 669 1592 desperatus
693 1549 815 1580 viribus
840 1549 1013 1580 invenitur.
1060 1549 1229 1581 madentes
1254 1550 1397 1581 fabricae
1422 1550 1453 1580 in
1479 1560 1564 1590 aqua
1587 1550 1710 1580 marina
1740 1550 1915 1581 siccantur:
1947 1548 2027 1580 dura
2056 1559 2128 1579 cum

478 1603 607 1638 fuerint,
636 1602 808 1643 ingeniosa
832 1601 1043 1643 dispositione
1069 1603 1248 1633 solvuntur.
1295 1602 1427 1633 metalla
1451 1602 1609 1643 mugiunt,
1638 1601 1817 1632 Diomedes
1841 1602 1873 1632 in
1898 1611 1973 1632 aere
1999 1599 2129 1641 gravius

478 1654 623 1691 bucinat,
657 1664 779 1684 aeneus
812 1654 927 1694 anguis
958 1653 1118 1692 insibilat,
1151 1664 1228 1684 aves
1260 1654 1432 1684 simulatae
1457 1653 1640 1683 fritinniunt
1665 1656 1698 1684 et
1723 1663 1804 1694 quae
1829 1662 1941 1683 vocem
1965 1651 2129 1693 propriam

479 1706 628 1737 nesciunt
657 1705 795 1742 habere,
827 1705 1034 1736 dulcedinem
1058 1705 1237 1746 probantur
1262 1706 1410 1736 emittere
1436 1705 1629 1736 cantilenae.
1676 1704 1781 1735 Parva
1805 1703 1845 1735 de
1869 1704 1925 1735 illa
1949 1702 2129 1741 referimus,

582 1836 660 1860 ΒΗΚ
661 1834 697 1865 P(
697 1835 713 1858 I
714 1838 721 1855 t
719 1836 732 1867 )
736 1834 765 1858 Δ1]
766 1834 840 1866 MA)
846 1834 871 1858 E
873 1834 918 1866 (F)

580 1913 596 1937 3
609 1912 691 1945 nobis]
706 1913 778 1937 nobis
792 1916 829 1936 est
841 1912 863 1936 Α
953 1911 968 1936 5
982 1920 1056 1936 nosce
1067 1910 1098 1936 K
1183 1911 1198 1936 6
1212 1912 1350 1943 uulgaliter
1360 1911 1386 1935 E
1471 1910 1485 1935 ’ἶ
1500 1911 1668 1943 palleatorum
1683 1911 1742 1935 libri
1794 1911 1872 1935 thoris
1884 1909 1915 1935 Κ
1960 1911 2096 1936 miscuistis
2106 1911 2131 1935 R

479 1956 495 1981 8
513 1957 629 1989 dogmate
642 1955 673 1980 Κ
779 1956 794 1979 9
815 1954 987 1987 speculatiua]
1007 1955 1110 1987 specula
1130 1959 1173 1979 tua
1191 1954 1214 1978 R
1289 1953 1347 1986 qua]
1368 1958 1393 1978 et
1412 1963 1462 1986 qua
1476 1954 1501 1977 E
1570 1954 1672 1978 dinione
1688 1954 1717 1977 X
1781 1955 1880 1979 dicatur
1894 1953 1925 1978 Κ
2029 1953 2060 1978 10
2079 1962 2131 1978 cre-

480 2000 581 2032 cropide
602 2000 630 2022 X
731 1998 760 2022 11
782 1999 912 2030 pitagoras
932 1998 1013 2022 LDX
1079 1999 1237 2030 ptholomeus
1258 1998 1314 2028 LR,
1333 1998 1474 2029 ptolomeus
1494 1997 1582 2021 DJIX
1648 1998 1818 2021 :isti-onomius
1831 1997 1861 2028 L,
1882 1998 2066 2022 astronomicus
2080 1997 2134 2021 EF

532 2044 616 2068 italiae
629 2042 700 2066 LJM
800 2041 830 2066 12)
843 2043 1006 2067 arimethicus
1019 2042 1054 2069 M,
1073 2042 1251 2066 arismethicus
1264 2041 1295 2069 X,
1314 2042 1472 2065 :irismetieus
1484 2039 1520 2067 K,
1539 2041 1710 2065 arismetricus
1721 2040 1752 2070 F,
1771 2041 1948 2065 arithmeticus
1960 2041 1985 2064 Ε
2036 2049 2127 2073 goene-

479 2088 575 2112 trichus
589 2086 615 2110 E
677 2084 825 2117 audiuntur]
846 2090 959 2109 :luuntur
972 2084 1002 2109 K
1071 2085 1184 2109 ausoniis
1199 2085 1244 2115 Ae,
1263 2093 1389 2109 aus-onum
1404 2084 1446 2107 Na
1553 2083 1585 2108 13
1604 2084 1737 2108 aristotiles
1751 2083 1939 2114 LRDJJXbX‚
1958 2084 2072 2108 aristoles
2086 2083 2130 2107 Na

532 2129 765 2154 mecanichanicum
780 2128 812 2155 X.
832 2129 1002 2152 methanicum
1016 2126 1047 2152 Κ
1111 2128 1306 2152 archimenidem
1320 2127 1377 2152 ΡΙ).
1397 2127 1554 2151 artrimedcm
1569 2125 1599 2151 K
1659 2127 1754 2151 latilem
1768 2126 1918 2151 KMXEF
2028 2125 2059 2151 14
2077 2127 2130 2151 red-

480 2172 574 2204 didisti]
597 2172 697 2196 rcddisti
718 2172 764 2201 L¹7
789 2172 913 2195 tradidisti
932 2170 963 2195 J(
1031 2171 1138 2195 fecunda
1159 2171 1206 2195 ΡΑ
1314 2170 1345 2195 15
1364 2169 1424 2203 uno]
1446 2179 1513 2194 nunc
1535 2169 1699 2194 KJJXXEF
1766 2170 1871 2202 patricio
1890 2170 1915 2193 E
2027 2169 2057 2194 16
2077 2170 2130 2194 red-

481 2216 538 2239 disti
552 2215 594 2239 Χῖ
664 2216 733 2247 linge
749 2214 789 2238 La
900 2213 930 2238 Π
952 2213 1035 2245 tuum]
1055 2223 1130 2238 suum
1144 2214 1173 2237 X
1279 2212 1310 2238 18
1329 2212 1423 2245 notam]
1444 2218 1530 2238 natum
1546 2212 1654 2237 MXXA
1726 2213 1816 2237 ianuas
1835 2222 1882 2238 om.
1897 2213 1945 2237 jsa
2016 2216 2130 2245 penetra-

480 2259 574 2282 bilibus
594 2258 646 2282 ΚΕ
779 2257 811 2281 13>
835 2258 1002 2282 confidentem
1023 2257 1100 2281 KPI)
1200 2257 1355 2289 cognouistis
1376 2256 1416 2280 Pa
1550 2255 1584 2281 ‘20
1608 2264 1683 2281 nosce
1702 2254 1739 2285 Κ,
1767 2257 1917 2288 cognouisse
1937 2256 1967 2280 N
2057 2254 2129 2288 usus]

481 2310 505 2326 u.
525 2305 562 2325 est
576 2300 606 2325 K
656 2301 779 2325 miracula
794 2310 841 2325 om.
856 2301 891 2324 ,1⁰
946 2305 1085 2324 monstrare
1105 2308 1152 2324 om.
1166 2298 1197 2323 I(
1248 2304 1285 2324 est
1304 2308 1350 2324 oin.
1365 2298 1396 2323 K
1451 2300 1563 2323 mollitur
1577 2298 1607 2323 K
1702 2298 1733 2323 21
1754 2298 1864 2331 naturis]
1885 2299 1950 2323 natis
1963 2298 2130 2329 PDJINXF,

481 2345 547 2368 notis
560 2344 587 2367 E
643 2343 710 2375 cum]
733 2345 798 2376 quod
814 2342 843 2367 K
901 2344 1013 2368 ostendet
1028 2344 1056 2366 X
1149 2342 1182 2367 22
1201 2342 1235 2375 et]
1257 2352 1288 2367 ex
1302 2343 1339 2366 ΑΒ
1401 2341 1460 2374 imo]
1481 2351 1531 2366 uno
1545 2341 1576 2366 Κ
1631 2341 1728 2374 eadere]
1745 2343 1832 2367 eadem
1846 2341 1877 2366 K
1970 2341 2003 2366 23
2022 2342 2130 2366 calamos

482 2388 591 2419 complet
609 2388 651 2412 uel
671 2389 696 2411 in
715 2388 816 2412 calon-»s-
829 2388 953 2419 complerc
968 2386 999 2410 Κ
1084 2386 1116 2410 24
1136 2385 1244 2419 minuta]
1260 2387 1373 2411 iniuncta
1385 2387 1417 2411 21.
1438 2387 1534 2410 musica
1546 2386 1664 2410 Cuiacins
1717 2384 1844 2417 uidemus]
1863 2394 1887 2410 u.
1902 2385 1977 2410 etiam
1989 2385 2029 2409 Pa
2081 2385 2130 2409 eiu.

481 2435 534 2455 nut.
549 2430 598 2454 ΡΙ)
702 2429 735 2455 25
755 2431 898 2454 infirmitate
912 2429 942 2454 K
1011 2431 1232 2455 imiuchinatorum
1246 2430 1285 2453 11³¹
1392 2429 1424 2454 ⁴27
1445 2430 1565 2453 diomedis
1586 2429 1745 2454 (emendatur
1764 2429 1790 2453 ἱη
1809 2429 1901 2453 erratis
1920 2427 2077 2458 diomedeae)
2092 2428 2129 2452 AC

531 2472 646 2505 grauius]
660 2482 735 2505 grues
745 2473 780 2496 Ast
792 2472 951 2503 (emendaram-
965 2474 989 2497 [21
1004 2474 1108 2504 erratis)
1190 2472 1223 2497 ‘28
1237 2474 1359 2498 hucinant
1372 2473 1402 2503 L,
1424 2473 1559 2497 buccinant
1572 2472 1608 2496 Ae
1657 2473 1711 2496 sim.
1726 2480 1767 2496 an.
1780 2471 1829 2496 ΡΙ)
1876 2472 2002 2496 fritiniunt
2014 2471 2131 2497 JIXXA.

482 2518 616 2542 sritinnunt
637 2516 721 2546 DEF,
745 2516 903 2540 stritunuunt
924 2515 954 2540 Κ
1023 2525 1103 2548 propr.
1125 2524 1212 2540 uocem
1233 2516 1270 2540 AC*
1376 2515 1408 2540 29
1428 2514 1533 2547 habere]
1553 2516 1586 2540 ab
1606 2523 1662 2539 aere
1682 2515 1719 2538 ,le

494 2678 501 2681 „
586 2645 610 2676 l)
633 2645 671 2677 Cf.
689 2645 855 2670 Cassiodorus
874 2645 904 2668 (le
921 2645 1055 2676 yeometrc'zz
1073 2654 1099 2676 p.
1113 2646 1161 2669 589
1177 2647 1254 2669 (im-..-
1273 2646 1346 2669 cuius
1365 2645 1514 2677 disciplinae
1533 2644 1600 2676 apud
1619 2645 1727 2668 Graecos
1747 2643 1865 2667 Euclides
1878 2643 2030 2675 Apollonius
2043 2643 2130 2667 Archi-

482 2689 566 2713 medes
586 2697 631 2713 nec
651 2697 700 2713 non
720 2694 744 2713 et
762 2689 805 2713 alii
825 2689 958 2719 scriptores
977 2688 1120 2719 probabiles
1139 2689 1288 2717 extiterunt⁷
1315 2697 1345 2712 ex
1365 2689 1458 2720 quibus
1477 2687 1607 2711 Euclidem
1634 2686 1783 2710 translatum
1806 2687 1831 2710 in
1851 2687 1992 2710 Romanam
2017 2687 2130 2718 linguam

482 2733 547 2757 idem
570 2733 608 2756 vir
631 2732 782 2764 magnificus
801 2731 921 2755 Boethius
944 2731 1017 2754 dedit.
1106 2729 1132 2754 ‘21
1155 2731 1322 2755 Cassiodorus
1346 2731 1376 2755 [lc
1402 2731 1533 2755 dialectica
1554 2739 1581 2761 p.
1599 2730 1650 2754 568
1670 2729 1733 2753 (ζέαν.
1760 2729 1864 2753 bret-iter
1889 2729 1968 2759 lanula
1989 2729 2131 2753 Aristotelis

482 2776 573 2800 librum
592 2776 650 2807 pet-i
673 2775 824 2804 hermenias,
848 2783 904 2798 cum
924 2782 981 2798 eum
1000 2782 1043 2798 sex
1064 2774 1133 2797 libris
1152 2782 1166 2798 a
1186 2774 1291 2798 Boethio
1311 2775 1364 2797 viro
1385 2774 1520 2805 magnifico
1540 2776 1636 2796 constet
1657 2772 1807 2804 expositum,
1831 2772 1874 2803 qui
1895 2772 1965 2795 vobis
1984 2772 2049 2796 inter
2068 2772 2131 2796 alios

483 2819 581 2842 codices
601 2822 637 2842 est
656 2818 766 2842 relictus.
