2279 3261
808 192 1001 219 VARIARVM
1023 194 1110 223 v1111.
1131 197 1171 222 24.
1193 196 1233 222 25.
1783 203 1839 231 *291

196 279 316 311 vimus,
349 282 384 309 ut
417 282 448 309 et
478 279 730 310 benivolentiam
764 280 795 310 in
828 284 860 310 te
897 281 1107 321 probaremus
1137 284 1361 323 generalitatis
1391 287 1423 314 et
1452 286 1575 315 cunctis
1605 285 1848 319 desiderabilior

196 330 378 361 advenires.
424 329 523 361 habet
554 330 614 360 hoe
643 331 725 361 enirn
756 331 897 362 humana
926 333 1085 367 condicio,
1121 338 1155 364 ut
1184 335 1321 366 celerius
1353 335 1473 377 adepta
1501 337 1630 367 fastidio
1660 338 1739 371 sint.
1774 339 1846 370 dum

196 394 291 414 omne
308 382 485 424 pretiosum
509 382 633 413 vilescit
659 383 801 414 oblatum
827 387 858 414 et
882 388 994 415 contra
1019 385 1144 416 dulcius
1169 387 1338 428 accipitur,
1364 388 1449 428 quod
1475 388 1534 418 sub
1559 389 1668 430 aliqua
1693 390 1846 421 dilatione

196 437 390 476 praestatur.
429 434 493 465 Sed
512 445 574 465 non
593 445 702 465 sumus
720 436 943 467 tantummodo
967 437 1007 468 de
1032 442 1159 468 tuorum
1186 444 1367 480 temporum
1394 440 1488 471 laude
1514 443 1670 472 contenti:
1696 444 1846 484 perquire

195 487 302 517 omnia
326 486 366 517 ad
391 485 499 516 titulos
524 487 750 527 praefecturae
776 488 1001 528 praetorianae
1027 490 1234 531 pertinentia,
1260 502 1342 532 quae
1367 492 1502 522 aliorum
1528 493 1597 523 visa
1622 498 1671 524 est
1695 494 1844 526 fraudare
1876 504 1886 520 f·

195 538 366 580 cupiditas.
412 548 475 568 non
507 538 602 568 liceat
632 549 825 580 quemquam
857 540 986 579 gloriari
1018 541 1111 571 furtis
1141 546 1196 572 aut
1226 543 1435 584 praeiudiciis
1468 545 1544 575 suis
1592 546 1699 576 lumen
1734 550 1764 577 te
1800 548 1846 577 in-

195 590 340 621 misimus
365 590 462 620 rebus
486 590 609 627 celatis,
635 591 761 632 quando
786 602 845 621 nec
872 591 1063 633 prudentiae
1088 597 1162 623 tuae
1188 595 1358 635 quisquam
1384 597 1503 636 poterit
1520 597 1655 628 illudere
1674 609 1732 628 nec
1751 598 1846 629 fidem

195 641 304 683 aliqua
329 641 492 672 oblatione
518 642 652 672 lentare.
699 642 867 673 slonstitue
892 647 924 673 et
949 643 1021 674 huic
1047 645 1192 684 regulam
1217 645 1382 686 dignitati,
1413 648 1465 689 qui
1491 653 1565 679 ante
1595 650 1674 679 actis
1706 650 1847 680 fascibus

195 693 352 724 mirabilis
377 694 596 724 continentiae
627 694 779 736 exempla
811 695 1001 736 praebuisti.
1048 707 1121 727 nam
1152 698 1228 728 lieet
1257 709 1360 740 paene
1392 710 1503 729 omnes
1534 700 1673 731 honores
1706 712 1847 732 summos

196 745 377 786 aequaliter
405 746 527 786 egeriS,
560 746 661 776 habes
694 750 799 777 tamen
832 748 1002 788 proposita
1031 749 1249 779 conscientiae
1283 750 1381 783 bona,
1415 751 1466 781 ubi
1499 752 1618 782 nullam
1650 753 1744 783 decet
1773 764 1846 783 esse

194 808 391 828 mensuram.
452 797 503 828 hic
539 799 624 829 enim
660 799 812 829 decorum
850 804 899 830 est
935 801 1106 831 terminum
1143 812 1204 831 non
1245 802 1380 832 habere:
1428 803 1476 833 hic
1516 803 1653 834 honesta
1693 804 1847 846 probatur

195 849 342 885 ambitio,
375 850 465 880 cuius
495 850 591 880 etiam
622 854 652 880 et
681 851 831 881 nimietas
864 852 978 893 placet.
1026 863 1120 883 omne
1151 854 1310 894 siquidem
1340 854 1594 896 praedicandum
1628 860 1747 897 quanto
1773 868 1845 898 pro-

194 901 296 932 fusius
321 902 496 942 quaeritur,
522 906 610 932 tanto
635 903 808 943 gloriosius
833 904 1005 934 invenitur.

971 1050 1077 1081 XXV.

513 1118 709 1150 SENATUI
734 1118 867 1150 URBIS
893 1120 1052 1151 ROMAE
1078 1120 1400 1151 ATHALARIUUS
1427 1122 1527 1153 REX.
1716 1142 1772 1155 -ηη

1662 1151 1691 1170 (ι.
1711 1152 1770 1171 :mo
1790 1142 1845 1180 fin.

298 1187 541 1218 Cumulavimus
572 1187 715 1228 quidem.
751 1191 859 1229 patres
890 1189 1076 1229 conscripti,
1114 1189 1280 1220 beneficiis
1313 1191 1431 1220 nostris
1463 1192 1627 1232 copiosum
1661 1193 1843 1227 virtutibus,
1877 1201 1887 1217 f·

194 1238 327 1269 divitem
356 1239 514 1275 moribus,
546 1239 676 1281 plenum
706 1240 830 1280 magnis
862 1239 1038 1270 honoribus
1066 1240 1271 1271 Senatorem:
1304 1242 1394 1272 cuius
1426 1243 1450 1272 si
1481 1244 1596 1274 merita
1625 1244 1845 1276 consideretis,

194 1290 350 1322 debemus
376 1302 470 1322 omne
495 1291 581 1332 quod
606 1292 771 1323 solvimus.
811 1302 873 1333 qua
898 1292 982 1322 enim
1009 1293 1272 1334 compensatione
1298 1294 1570 1325 connnendandus
1597 1300 1654 1326 est.
1681 1297 1734 1337 qui
1752 1307 1846 1326 aures

194 1343 429 1374 dominantium
454 1344 617 1374 luculenta
643 1343 772 1385 saepius
797 1343 1040 1385 praedieatione
1065 1345 1250 1386 complevit,
1280 1345 1455 1386 dignitates
1480 1346 1539 1377 sibi
1565 1347 1702 1378 creditas
1728 1348 1847 1378 eximia

194 1396 354 1436 gravitate
383 1396 534 1426 tractavit
565 1399 596 1426 et
626 1396 716 1426 nisus
746 1400 795 1426 est
825 1399 973 1437 tempora
1002 1396 1109 1426 faeere
1141 1407 1224 1438 quae
1253 1398 1368 1428 merito
1400 1398 1610 1429 laudarentur
1634 1399 1664 1429 in
1690 1400 1845 1441 principe.

193 1447 343 1478 trahebat
371 1448 536 1489 regnantis
564 1448 705 1478 animum
735 1448 854 1478 veritas
880 1452 912 1478 et
944 1448 1136 1479 disertitudo
1167 1448 1341 1487 dictorum,
1372 1450 1422 1480 cui
1453 1450 1498 1480 sie
1524 1451 1630 1481 onmia
1656 1451 1780 1489 retulit,
1812 1455 1847 1481 ut

193 1499 366 1530 miraretur
397 1499 466 1541 ipse
499 1500 552 1540 qui
582 1499 670 1530 fecit.
723 1499 889 1540 Allegavit
924 1499 1010 1530 solus
1046 1500 1130 1541 quod
1168 1511 1278 1531 omnes
1313 1501 1439 1532 iuvaret
1475 1505 1506 1533 et
1543 1502 1618 1532 dum
1654 1506 1847 1544 purpuratas

194 1551 331 1582 auditori
356 1562 413 1582 suo
439 1551 563 1582 fenerat
587 1551 710 1587 laudes,
735 1551 914 1592 gratiosum
939 1551 1027 1581 vobis
1052 1555 1196 1582 nostrum
1222 1553 1300 1583 fecit
1324 1553 1493 1594 inperium.
1534 1554 1739 1585 commendat
1763 1555 1847 1585 enim

194 1613 284 1634 suam
314 1607 461 1644 gentem,
490 1604 544 1645 qui
571 1603 712 1634 oratione
744 1603 895 1645 placabili
920 1604 1099 1645 permulcet
1123 1605 1245 1645 regiam
1272 1606 1505 1643 summitatem,
1537 1606 1665 1647 quando
1692 1617 1733 1637 ex
1758 1606 1847 1637 vobis

194 1659 226 1686 et
255 1656 339 1686 alter
369 1655 442 1686 talis
472 1655 624 1694 creditur,
654 1666 672 1685 a
697 1666 758 1696 quo
785 1655 902 1686 similia
926 1657 1140 1697 postulentur.
1188 1656 1319 1687 Patrem
1345 1668 1472 1698 quoque
1498 1658 1690 1689 elementiae
1716 1662 1846 1689 nostrae

1914 447 1922 474 1
1938 447 1943 474 1

1914 653 1922 681 1
1933 652 1951 681 2

1867 761 1890 778 10

1866 1201 1872 1218 ¹
1936 1196 1942 1223 1

1867 1458 1890 1476 20

1933 1504 1950 1533 2

1933 1660 1950 1689 3

193 1707 224 1737 in
254 1707 325 1748 ipsa
354 1707 443 1738 curia
472 1707 648 1738 Libertatis
678 1718 740 1748 qua
771 1707 996 1738 disertitudine
1026 1707 1163 1738 devotus
1196 1709 1348 1739 asseruit!
1402 1710 1545 1740 recolitis
1576 1709 1846 1751 quemadmodum
1867 1717 1890 1735 ²5*

193 1759 280 1790 facta
304 1760 373 1790 eius
400 1763 508 1791 orator
532 1759 649 1790 nobilis
675 1760 856 1794 excolebat,
882 1760 1016 1790 virtutes
1042 1761 1142 1802 ipsius
1168 1760 1239 1802 plus
1261 1761 1425 1792 mirabiles
1443 1761 1567 1791 faciens
1585 1772 1680 1802 quam
1698 1761 1847 1792 honores.

193 1811 225 1841 in
256 1811 406 1842 absoluto
438 1811 532 1842 datur
563 1811 700 1853 probare
733 1811 816 1852 quod
849 1811 996 1842 dicimus.
1044 1812 1228 1850 aestimate,
1261 1816 1370 1854 patres
1403 1813 1589 1854 conscripti,
1625 1813 1711 1854 quali
1743 1813 1848 1854 gratia

194 1863 344 1904 potuistis
376 1863 416 1894 ab
447 1863 502 1894 illo
534 1863 666 1905 respici,
699 1874 717 1893 a
747 1873 881 1904 quorum
912 1874 946 1894 se
980 1874 1111 1905 corpore
1145 1864 1189 1894 sic
1221 1864 1352 1895 videbat
1382 1865 1499 1894 ornari.
1546 1864 1694 1905 gloriosis
1727 1865 1846 1906 quippe

194 1914 331 1945 dominis
362 1915 506 1956 gratiora
536 1919 610 1946 sunt
637 1915 810 1956 praeconia
839 1925 934 1955 quam
964 1915 1098 1946 tributa.
1131 1916 1205 1956 quia
1235 1916 1431 1957 stipendium
1462 1920 1494 1946 et
1523 1919 1660 1957 tyranno
1685 1916 1845 1958 penditur,

194 1966 393 2008 praedicatio
419 1970 526 1998 autem
553 1967 614 1997 nisi
639 1967 722 1997 bono
747 1967 882 2008 principi
906 1977 969 1997 non
995 1967 1142 1998 debetur.
1183 1967 1269 2009 quid,
1295 1968 1520 2008 praeconiales
1546 1968 1614 2003 viri,
1639 1967 1770 1998 creditis
1797 1968 1846 1998 his

194 2021 319 2049 tantum
351 2018 452 2049 fuisse
483 2022 685 2055 contentum,
723 2022 758 2049 ut
788 2018 933 2049 dominos
966 2019 1123 2050 niteretur
1157 2019 1290 2050 laudare
1328 2020 1535 2061 superstites,
1572 2030 1590 2050 a
1623 2020 1736 2060 quibus
1772 2020 1846 2051 dum

194 2070 383 2101 vicissitudo
413 2071 631 2112 praemiorum
663 2071 796 2101 forsitan
828 2071 1002 2111 quaeritur,
1036 2070 1155 2102 laboris
1188 2071 1295 2101 taedia
1326 2082 1387 2101 non
1419 2071 1581 2102 vitantur?
1628 2071 1781 2102 Tetendit
1813 2084 1847 2102 se

195 2122 292 2152 etiam
317 2122 349 2152 in
374 2122 538 2163 antiquam
563 2123 749 2164 prosapiem
775 2126 929 2159 nostram,
954 2123 1094 2154 lectione
1120 2123 1249 2154 discens
1275 2123 1359 2164 quod
1385 2124 1438 2153 vix
1457 2124 1614 2154 maiorum
1632 2124 1748 2154 notitia
1766 2134 1848 2155 cana

194 2173 366 2205 retinebat.
406 2174 469 2205 iste
495 2184 588 2215 reges
607 2173 785 2205 Gothorum
810 2174 907 2215 longa
931 2174 1095 2205 oblivione
1121 2175 1241 2205 celatos
1267 2174 1401 2205 latibulo
1426 2176 1597 2205 vetustatis
1622 2175 1744 2206 eduxit.
1785 2176 1846 2206 iste

297 2295 572 2328 BZNKE(F)H(GI)

300 2365 310 2389 1
333 2370 361 2390 ut
379 2364 413 2397 et]
433 2369 457 2389 et
471 2370 499 2390 ut
514 2365 585 2391 HIP.
604 2370 632 2390 ut
648 2365 737 2389 GIWA
800 2368 824 2388 et
844 2366 878 2394 (et
891 2365 915 2388 in
930 2365 963 2393 ,1)
983 2365 1082 2389 cunctis
1095 2374 1143 2389 om.
1158 2364 1201 2388 ΙΙ1
1284 2365 1300 2390 3
1319 2364 1352 2397 et]
1373 2374 1386 2390 e
1400 2365 1453 2389 EF
1543 2365 1559 2389 ⁴3
1578 2366 1637 2389 licet
1651 2365 1723 2389 ΗΘΖ
1786 2374 1845 2396 que-

194 2417 269 2440 quam
283 2408 308 2432 B
377 2407 548 2441 praeiudiciis]
563 2410 679 2441 fortasse
698 2409 814 2441 praedari
834 2408 903 2432 uitiis
1009 2407 1022 2431 Ῑ
1043 2407 1098 2439 nec]
1119 2416 1150 2432 ne
1164 2407 1208 2431 K¹
1313 2408 1328 2432 8
1347 2409 1516 2433 oblectati-me
1530 2408 1574 2432 EI
1635 2407 1769 2440 constitue]
1790 2416 1846 2431 con—

194 2452 298 2476 stituere
312 2451 383 2476 HGv
442 2451 496 2484 qui]
517 2460 566 2484 que
580 2451 623 2475 Ηι
682 2450 754 2483 actis]
775 2452 833 2476 latis
848 2452 984 2476 5⁸7qu
1076 2452 1091 2475 9
1111 2460 1191 2484 paene
1211 2451 1287 2484 ῡιιιιιζ]
1303 2452 1362 2479 ΒΚ,
1381 2462 1447 2477 omn.
1469 2461 1532 2485 pene
1550 2452 1640 2483 reliqui
1729 2451 1761 2476 10
1780 2452 1846 2475 bona

194 2502 277 2519 conse.
292 2495 366 2519 HGI
451 2495 481 2520 11
503 2496 562 2519 hinc
576 2495 614 2519 Za
704 2494 734 2519 12
755 2499 779 2519 et
792 2504 839 2519 om.
852 2495 950 2519 Ix'IIGI
1032 2494 1063 2519 16
1082 2495 1239 2519 consideritis
1253 2495 1294 2519 B¹
1390 2495 1420 2519 15³
1440 2497 1516 2520 nixus
1530 2495 1562 2525 E,
1580 2496 1652 2520 uisus
1666 2494 1737 2519 NG!
1787 2499 1847 2518 tem-

195 2537 267 2570 pora]
287 2539 387 2570 propria
406 2538 445 2562 F¹
509 2539 675 2563 laudarentur
694 2538 720 2561 Ε
814 2538 844 2562 21
865 2539 986 2570 allegavit
1005 2558 1010 2563 .
1026 2558 1030 2562 .
1047 2557 1051 2562 .
1072 2539 1144 2562 uobis
1164 2548 1210 2562 0771.
1232 2539 1259 2562 II
1355 2539 1388 2563 22
1407 2538 1511 2571 fenerat]
1533 2540 1626 2563 faceret
1639 2538 1708 2567 Nn»,
1728 2538 1786 2562 fecit
1800 2538 1848 2567 ΙΨ,

194 2582 291 2606 feratur
308 2581 358 2612 E2,
378 2582 477 2606 ferierat
498 2582 520 2606 A
587 2586 663 2606 nostr.
684 2584 809 2610 (uestrum
829 2581 913 2611 Buff)
933 2579 989 2613 fec]
1010 2585 1086 2605 nostr.
1106 2580 1164 2611 (0711.
1186 2582 1256 2613 feeit)
1276 2582 1311 2612 H,
1330 2583 1375 2606 see.
1395 2586 1472 2606 nostr.
1494 2583 1515 2605 G
1613 2580 1646 2604 23
1665 2580 1846 2612 summitatem]

194 2624 344 2656 dignitatem
358 2625 387 2648 Κ
437 2624 477 2657 ex]
498 2629 522 2650 et
541 2634 571 2649 ex
586 2624 663 2648 ZNA'
749 2623 780 2648 '24
801 2628 900 2648 uestrae
916 2624 986 2648 IIGI
1073 2624 1106 2648 25
1125 2633 1176 2656 qua
1190 2634 1236 2649 om.
1248 2625 1275 2649 F
1359 2624 1392 2649 26
1411 2623 1512 2656 nobilis]
1528 2624 1632 2649 BIIGI.
1681 2624 1752 2647 nobis
1764 2623 1847 2653 ZA'K,

195 2668 268 2692 uobis
287 2668 341 2692 EF
434 2668 466 2693 ‘27
487 2666 602 2701 probare]
622 2668 681 2692 dare
695 2667 723 2691 Κ
786 2667 919 2691 didicimus
934 2667 972 2690 Βι
1074 2666 1107 2691 ‘28
1126 2668 1229 2699 potuisti
1245 2668 1284 2691 Ι)’1
1352 2667 1451 2700 respici]
1472 2668 1566 2700 despici
1581 2667 1638 2696 EF,
1656 2666 1801 2697 concupisci
1816 2665 1847 2695 λ’,

195 2711 297 2735 concuti
311 2711 334 2741 I,
353 2712 456 2736 concitti
477 2712 526 2742 Gss,
545 2711 646 2736 concuti
665 2711 755 2742 respici
770 2710 802 2733 II
863 2710 1000 2734 uidebatur
1018 2709 1050 2739 E,
1070 2711 1191 2735 uidebant
1208 2711 1231 2734 A
1329 2710 1361 2735 29
1381 2711 1540 2743 gratiosioria
1554 2710 1611 2735 EF.
1629 2709 1739 2741 gratiosa
1758 2708 1847 2735 ΚΗΛ,

194 2755 357 2785 generosiora
377 2755 395 2778 I
467 2754 503 2787 et]
524 2755 555 2779 de
574 2754 615 2778 Β2
692 2753 847 2786 impenditur
866 2753 919 2777 EF
1026 2752 1059 2777 30
1077 2752 1174 2785 autem]
1195 2762 1255 2777 uero
1277 2754 1307 2783 G,
1326 2754 1385 2778 dum
1407 2753 1438 2777 H
1510 2754 1558 2777 hiis
1577 2752 1656 2776 A'EF
1763 2750 1796 2775 32
1814 2756 1846 2776 et.

195 2806 221 2821 se
241 2798 294 2822 EF
412 2797 445 2822 33
465 2798 608 2830 prosapiam
628 2806 652 2821 n.
674 2797 730 2822 HI.
757 2800 834 2820 nostr.
854 2805 918 2828 prosu
942 2796 966 2819 Ι(
1053 2797 1139 2820 dicens
1159 2796 1214 2822 KI.
1241 2797 1309 2821 dices
1330 2797 1367 2827 ll,
1395 2798 1540 2820 discernens
1561 2795 1631 2819 E²F
1709 2795 1844 2826 maiorum]

195 2841 320 2865 malorum
341 2841 369 2864 N
386 2841 447 2865 Par.
467 2843 540 2871 2186,
559 2841 698 2865 annalormn
720 2840 747 2863 Κ
850 2838 882 2863 34
903 2839 977 2871 longa
997 2848 1042 2863 vm.
1066 2839 1108 2862 ΚΒ
1179 2840 1258 2863 elatos
1280 2840 1318 2863 [2¹¹
1391 2840 1538 2863 uestustatis
1559 2839 1600 2862 B³

1866 1975 1890 1993 30
