2279 3261
412 187 516 212 XXXII
1122 180 1349 208 PROOEMIVM.

411 279 498 310 illata
525 279 564 309 ab
592 277 726 309 exercitu
760 280 952 314 transeunte,
990 287 1069 318 quae
1100 279 1208 316 utpote
1234 275 1394 313 praesenti
1420 285 1504 306 anno
1536 275 1651 317 scripta
1674 275 1746 306 anni
1770 280 1816 307 est
1838 280 1868 307 et
1890 275 1959 318 ipsa
1983 277 2054 308 508.

411 338 465 369 III
490 340 529 369 43
555 337 594 368 ad
619 337 731 378 Unigis
755 336 963 377 spatharium,
996 336 1026 366 in
1050 347 1111 377 qua
1134 335 1286 366 exercitus
1310 334 1424 366 dicitur
1447 334 1567 366 Gallias
1595 335 1769 367 intravisse.
1822 335 1876 366 ΙΙΙ
1902 337 1940 368 16
1963 340 1994 366 et
2019 336 2056 367 17

409 398 500 429 datae
527 398 623 428 altera
650 396 690 427 ad
714 396 902 433 Gemellum,
933 396 985 437 qui
1017 395 1150 426 mittitur
1173 395 1396 437 praefectorum
1420 395 1554 426 vicarius
1586 395 1616 426 in
1647 395 1768 427 Gallias
1798 396 1862 437 regi
1891 395 2056 433 subiectas,

409 458 505 488 altera
532 456 571 488 ad
599 456 805 498 provinciales
833 467 894 487 eos.
929 456 983 486 HI
1007 457 1045 487 41
1071 460 1102 487 et
1125 457 1165 488 42
1193 455 1233 487 ad
1260 455 1391 486 eundem
1422 455 1597 487 Gemellum
1627 460 1658 486 et
1686 454 1811 486 eosdem
1839 455 2056 497 provinciales,

410 517 521 558 quibus
539 527 590 547 rex
608 520 800 547 commutans
819 515 1043 547 ordinationem
1060 516 1243 547 anteriorem
1267 515 1389 547 nuntiat
1410 527 1563 546 annonam
1582 515 1691 547 victori
1713 515 1848 546 exercitu
1864 526 1896 546 se
1912 526 1948 546 ex
1965 515 2057 547 Italia

408 577 574 608 missurum
597 587 672 607 esse.
714 575 766 606 III
791 577 831 608 38
856 575 895 607 ad
919 576 1096 608 1Vandi1em
1127 576 1337 618 praepositum
1368 580 1402 607 ut
1425 575 1549 607 videtur
1572 575 1748 607 Gothorum
1772 575 1935 606 Avenione
1963 575 2058 607 collo-

407 640 559 674 catorum,
588 646 831 666 commemorans
861 641 1011 667 recentem
1036 636 1242 668 vastationem
1270 641 1300 667 et
1328 635 1416 666 initia
1439 636 1533 677 regni.
1567 635 1624 667 hae
1652 647 1757 667 omnes
1781 640 1861 667 recte
1883 635 2058 667 tribuentur

408 696 467 737 ipsi
493 696 705 737 occupationis
730 709 819 729 anno.
864 697 998 739 epistula
1014 697 1068 728 III
1085 698 1135 735 44,
1159 708 1237 738 quae
1260 696 1297 727 de
1314 696 1542 727 Arelatensium
1566 696 1727 728 moenibus
1750 695 1948 727 restituendis
1971 707 2058 738 prae-

410 756 486 797 cipit
513 761 543 786 et
571 756 768 797 navigatione
797 762 903 799 aperta
933 757 1121 788 frumentum
1144 768 1180 788 eo
1203 757 1245 788 ait
1270 757 1398 787 missum
1422 756 1472 794 iri,
1503 756 1602 787 hieme
1625 767 1650 787 a.
1675 758 1771 796 508s9
1796 756 1919 788 videtur
1942 757 2056 798 scripta

407 827 482 847 esse.
527 816 712 858 quibuscum
736 818 927 849 conveniunt
949 818 1100 860 epistulae
1122 817 1177 849 IV
1194 821 1221 850 5.
1240 819 1256 849 7
1280 821 1446 848 tractantes
1470 816 1508 847 de
1531 816 1684 847 frumento
1700 828 1737 847 ex
1752 816 1868 848 Tuscia
1885 816 2058 859 Campania

406 876 545 907 Lucania
569 876 675 908 Sicilia
706 878 857 909 mittendo
886 879 1022 910 missove
1045 879 1076 909 in
1101 878 1236 916 GalliaS,
1268 888 1398 919 quarum
1427 876 1580 919 posterior
1609 888 1702 918 agens
1731 876 1769 908 de
1792 877 1946 908 frumento
1970 880 2059 907 antea

407 936 502 967 misso
533 936 604 968 data
634 942 679 968 est
709 937 747 969 ad
778 938 939 970 Senarium
969 939 1111 970 comitem
1142 938 1319 981 patrimonii
1348 937 1410 969 ind.
1434 936 1487 968 III
1517 936 1583 967 sive
1606 948 1632 967 a.
1656 939 1801 977 509s510.
1846 937 1962 968 tributa
1985 936 2058 967 anni

408 1001 478 1037 post
502 997 735 1039 occupationem
760 999 867 1041 primi,
895 1000 1015 1030 scilicet
1043 999 1221 1030 indictionis
1252 999 1358 1029 tertiae
1381 997 1515 1040 epistula
1537 997 1591 1029 IV
1615 999 1655 1030 36
1678 997 1805 1028 remittit
1829 997 1960 1039 Alpium
1984 996 2058 1028 Cot-

406 1057 517 1087 tiarum
541 1057 650 1088 incolis
674 1069 729 1100 per
745 1059 972 1100 expeditionem
996 1059 1082 1090 illam
1098 1059 1228 1097 vexatis,
1252 1059 1354 1100 itaque
1371 1057 1443 1089 data
1466 1062 1511 1089 est
1526 1061 1643 1089 aestate
1666 1068 1692 1089 a.
1709 1059 1779 1090 509.
1823 1057 2058 1088 Arelatensibus

407 1128 485 1158 quae
508 1122 635 1159 propter
658 1118 851 1150 obsidionem
876 1131 1053 1161 perpessam
1077 1119 1194 1150 tributa
1218 1123 1346 1160 quartae
1369 1117 1548 1149 indictionis
1571 1118 1702 1149 remittit
1723 1129 1770 1160 ep.
1793 1117 1847 1148 III
1871 1119 1920 1155 32,
1943 1117 2059 1159 scripta

406 1182 453 1208 est
476 1182 592 1208 aestate
614 1189 641 1209 a.
662 1181 733 1211 510.
757 1179 857 1210 simile
880 1180 1077 1222 privilegium
1100 1179 1270 1222 eodemque
1293 1180 1423 1211 fortasse
1446 1184 1585 1221 tempore
1608 1179 1748 1211 obtinent
1772 1178 1987 1210 Massilienses
2010 1190 2058 1220 ep.

407 1236 460 1268 IV
484 1238 533 1269 26.
580 1237 660 1268 idem
691 1238 768 1270 adeo
799 1239 978 1270 conceditur
1008 1240 1124 1278 Gallis,
1156 1240 1342 1282 quicumque
1374 1251 1479 1270 eorum
1511 1251 1565 1282 per
1595 1240 1709 1271 bellum
1740 1239 1844 1281 aliquo
1867 1238 1961 1270 modo
1983 1238 2058 1270 laesi

405 1302 521 1335 essent,
545 1309 591 1339 ep.
615 1298 668 1329 III
692 1301 741 1331 40.
786 1300 877 1330 etiam
902 1300 1053 1342 epistulae
1077 1299 1156 1331 duae
1180 1300 1276 1331 altera
1298 1300 1353 1330 ΠΙ
1377 1302 1427 1338 24,
1451 1311 1505 1342 per
1527 1312 1620 1342 quam
1644 1300 1806 1331 Massiliae
1829 1299 1949 1331 civitati
1972 1310 2059 1341 prae-

408 1357 508 1387 ficitur
531 1369 633 1390 comes
657 1359 860 1398 Marabadus,
885 1360 980 1391 altera
1004 1360 1057 1392 IV
1085 1361 1132 1399 17,
1156 1371 1217 1402 qua
1240 1359 1319 1391 Ibba
1343 1359 1549 1402 expeditionis
1567 1360 1747 1392 Gallicanae
1770 1360 1833 1391 dux
1857 1370 1997 1391 summus
2021 1358 2059 1390 de

407 1421 536 1453 ecclesia
552 1421 749 1453 Narbonensi
767 1425 931 1463 praecepta
947 1420 1065 1451 Alarici
1089 1420 1170 1461 regis
1187 1420 1351 1451 observare
1367 1420 1498 1459 iubetur,
1521 1420 1568 1451 his
1585 1421 1674 1452 annis
1691 1425 1771 1452 recte
1788 1419 2058 1451 adiudicabuntur.

519 1542 531 1572 I
557 1544 605 1574 45.
623 1544 671 1574 40.
706 1541 906 1573 (isundobado
936 1542 999 1583 regi
1029 1540 1304 1583 Burgundionum,
1333 1542 1385 1583 qui
1416 1541 1497 1572 diem
1526 1542 1603 1573 obiit
1626 1553 1652 1573 a.
1669 1543 1730 1574 516
1755 1542 1893 1579 ineunte,
1922 1540 2059 1571 amicitia

407 1602 465 1633 fuit
489 1614 557 1633 eum
575 1602 766 1633 Theoderico
791 1607 853 1634 tam
879 1607 949 1633 ante
973 1613 999 1633 a.
1016 1603 1086 1640 508,
1111 1613 1172 1643 quo
1196 1613 1265 1632 enm
1283 1601 1522 1643 Burgundiones
1539 1602 1668 1633 Francis
1687 1602 1779 1633 sociis
1795 1601 1955 1632 Alaricum
1972 1600 2059 1632 devi-

406 1663 534 1701 cissent,
561 1662 770 1694 Theodericus
799 1667 907 1694 contra
935 1667 1082 1704 utrosque
1111 1661 1337 1704 expeditionem
1369 1661 1522 1693 Gallicam
1554 1663 1704 1705 suscepit,
1735 1674 1826 1704 quam
1856 1661 2059 1704 probabiliter

408 1728 480 1764 post
508 1723 621 1754 bellum
653 1723 730 1754 illud
758 1723 878 1754 finitum
908 1734 961 1765 per
988 1727 1141 1753 extremos
1166 1721 1358 1753 Gundobadi
1388 1733 1499 1760 anuos3
1528 1733 1599 1753 uam
1629 1734 1815 1764 quamquam
1845 1722 1958 1763 quibus
1986 1732 2058 1752 con—

407 1782 582 1814 dicionibus
611 1784 690 1814 inter
716 1795 802 1825 reges
832 1788 892 1814 tres
922 1794 983 1825 pax
1012 1788 1077 1814 tum
1106 1783 1242 1814 stabilita
1272 1783 1327 1821 sit,
1358 1794 1467 1824 parum
1491 1782 1639 1814 traditum
1662 1783 1824 1820 habemus,
1854 1782 1967 1813 factam
1991 1792 2058 1812 esse

408 1844 510 1885 aliquo
535 1844 628 1875 modo
650 1849 736 1875 extra
758 1844 887 1876 dubium
911 1849 966 1875 est.
1011 1843 1177 1875 Boethium
1202 1848 1304 1875 autem
1328 1848 1408 1874 reete
1431 1843 1552 1875 Usener
1574 1842 1690 1882 (anecd.
1708 1855 1737 1884 p.
1753 1843 1804 1879 40)
1828 1842 1937 1873 statuit
1951 1846 2057 1872 natum

408 1917 475 1936 esse
499 1917 522 1936 e.
540 1918 565 1937 a.
582 1907 658 1941 482;
689 1910 878 1947 quapropter
906 1916 975 1935 eum
1004 1916 1065 1945 quo
1089 1909 1225 1947 tempore
1247 1905 1397 1947 epistulae.
1425 1905 1481 1936 hae
1505 1904 1638 1946 scriptae
1661 1908 1733 1935 sunt
1758 1904 1817 1934 iam
1841 1908 1871 1934 et
1895 1903 1926 1934 in
1948 1902 2057 1934 litteris

408 1965 508 1996 clarus
532 1971 613 1997 esset
636 1971 666 1996 et
690 1965 837 2008 patrii-ius
860 1965 968 2003 factus,
992 1964 1023 1995 id
1048 1970 1092 1996 est
1116 1965 1232 1996 honore
1255 1965 1359 2006 aliquo
1383 1965 1495 1996 illustri
1520 1965 1654 2002 functus,
1677 1969 1757 1995 recte
1780 1964 1872 1995 scribi
1892 1966 2059 2005 potuerunt

407 2037 432 2056 e.
451 2037 477 2057 a.
494 2027 565 2063 507,
589 2030 623 2057 ut
646 2026 754 2056 statuit
772 2025 894 2057 Usener
918 2024 1032 2065 (anecd.
1049 2037 1078 2067 p.
1096 2027 1156 2064 39),
1180 2037 1367 2068 quamquam
1392 2025 1464 2056 item
1487 2025 1551 2056 fieri
1575 2029 1684 2067 potest,
1708 2029 1742 2055 ut
1765 2024 1897 2066 scriptae
1919 2024 1982 2055 sint
2004 2034 2059 2065 per

408 2097 506 2117 annos
530 2086 645 2117 bellum
668 2085 746 2117 illud
770 2086 910 2128 proxime
933 2090 1064 2116 secutos.

514 2198 549 2228 II
574 2200 601 2230 6.
638 2199 798 2239 Agapetus
832 2209 900 2229 cum
938 2198 1109 2240 praefectus
1144 2199 1230 2229 urbis
1266 2199 1356 2229 fuerit
1388 2198 1466 2229 iuter
1493 2210 1519 2229 a.
1538 2199 1646 2236 5079,
1675 2202 1746 2239 post
1774 2208 1840 2228 eam
1874 2195 2054 2237 (lignitatem

408 2258 582 2300 depositam
605 2259 636 2289 in
660 2259 822 2289 Orientem
846 2259 958 2289 missus
981 2263 1036 2289 est.

516 2370 550 2400 11
576 2372 594 2402 8
618 2370 689 2401 vide
713 2370 753 2401 ad
776 2370 791 2401 Ι
817 2372 866 2402 24.

515 2472 549 2503 H
574 2474 615 2504 34
639 2472 746 2504 definit
768 2478 890 2515 tempus
913 2474 1046 2516 epistula
1070 2474 1165 2505 altera
1188 2473 1226 2505 ad
1250 2473 1381 2505 eundem
1405 2474 1593 2516 praefectum
1618 2473 1688 2504 data
1712 2472 1728 2503 Ι
1754 2474 1803 2503 42.

519 2576 551 2606 11
575 2577 614 2608 38
640 2576 711 2607 vide
736 2576 775 2607 ad
799 2577 815 2607 I
842 2579 888 2609 lo.

513 2685 548 2716 II
572 2687 622 2717 40.
648 2688 697 2718 41.
734 2687 880 2729 Epistula
904 2687 1003 2728 prior,
1031 2698 1110 2728 quae
1134 2698 1236 2718 seeum
1261 2687 1354 2718 trahit
1377 2687 1520 2724 alteram,
1550 2687 1665 2728 scripta
1694 2692 1738 2717 est
1770 2685 1808 2716 ad
1837 2684 1958 2715 Luduin
1989 2685 2056 2716 sive

406 2745 661 2777 Chlodovechum
702 2758 803 2788 regem
838 2747 1029 2777 Francorum
1066 2747 1248 2778 'l‘heoderiei
1284 2746 1431 2781 adfinem:
1468 2747 1533 2777 eius
1567 2747 1648 2777 enim
1683 2757 1819 2777 sororem
1848 2744 2055 2776 Audofledam

405 2805 454 2836 hie
480 2817 605 2837 uxorem
629 2806 757 2838 duxerat
784 2807 892 2849 primis
916 2812 949 2838 ut
973 2807 1094 2838 videtur
1117 2807 1204 2838 annis
1228 2807 1313 2849 regni
1336 2807 1438 2838 Italici
1463 2806 1622 2845 (Iordanes
1647 2807 1718 2838 Get.
1737 2808 1788 2845 57,
1803 2808 1884 2844 295).
1929 2805 2055 2848 quando
