2279 3261
734 178 926 204 VARJARVM
950 178 1010 208 ΙΙΙῙ,
1031 179 1054 205 3,
1072 179 1096 206 4.
1116 181 1138 205 5.
1159 182 1183 205 ὀὶ.
1204 180 1227 205 Τ.
1750 183 1808 211 117

963 326 1004 357 v.

389 394 583 426 AMABILI
604 395 713 426 vino
738 395 921 427 Dnvoro
948 395 1103 426 coniri
1128 395 1449 428 THEODERICUS
1474 397 1576 428 anx.
1627 424 1656 444 a·
1674 415 1809 449 5035„

259 464 392 495 Nullum
410 463 505 495 decet
521 466 650 495 nostras
668 466 843 505 gravanter
861 464 1028 506 suscipere
1045 465 1216 497 iussiones.
1235 476 1318 506 quae
1336 466 1439 507 magis
1457 466 1615 496 utilitates
1630 470 1809 497 noscuntur

156 516 313 547 extollere
339 516 538 547 devotorum.
585 516 615 546 in
643 515 813 547 Gallicana
836 516 934 557 igitur
958 516 1092 557 regione
1116 516 1303 547 victualium
1328 518 1537 559 cognovimus
1563 518 1743 553 caritatem,
1768 518 1807 549 ad

156 579 253 610 quam
269 567 447 609 negotiatio
465 577 595 609 semper
612 571 761 609 prompta
777 568 919 604 festinat,
939 571 974 598 ut
991 571 1100 609 empta
1117 569 1305 607 angustiore
1323 570 1426 611 pretio
1440 570 1560 611 largius
1579 570 1808 602 distrahantur.

156 620 202 651 sic
231 620 339 651 evenit
365 623 401 650 ut
432 622 465 650 et
493 618 716 650 venditoribus
745 620 882 650 satisfiat
911 623 943 650 ct
972 620 1035 650 illis
1064 620 1206 661 provisio
1236 624 1347 651 nostra
1376 621 1558 653 subveniat.
1604 622 1712 663 Atque
1737 622 1808 653 ideo
1841 630 1851 645 ἴ»

156 671 284 703 devotio
315 673 372 702 tua
398 671 563 712 praesenti
592 672 783 702 auctoritate
813 675 988 713 cognoscat
1018 682 1130 703 omnes
1160 672 1375 703 navicularios
1401 672 1614 715 Campaniae,
1644 673 1808 705 Lucaniae

157 723 225 755 sive
243 722 382 754 Tusciae
399 723 644 754 fideiussoribus
670 723 795 754 idoneis
820 734 854 754 sc
880 723 1000 755 debere
1025 724 1236 758 committere,
1261 727 1296 754 ut
1320 735 1390 755 cum
1415 725 1610 755 victualibus
1636 725 1808 767 speciebus

155 778 281 806 tantum
305 775 552 817 proficiscantur
575 774 615 806 ad
642 774 778 811 Gallias.
809 775 948 806 habituri
973 775 1139 806 licentiam
1164 775 1367 807 distrahendi
1394 777 1438 807 sic
1464 780 1498 807 ut
1521 777 1605 808 inter
1630 781 1808 819 emptorem

155 827 424 868 venditoremque
449 827 644 858 convenerit.
691 827 822 858 Grande
853 827 1057 858 commodum
1087 831 1137 858 est
1165 838 1237 858 eum
1267 827 1489 869 indigentibus
1518 829 1653 870 pacisci:
1684 829 1811 871 quando

155 879 259 911 fames
283 881 387 910 totum
413 879 495 910 solet
519 882 739 917 contemnere,
764 883 798 910 ut
823 890 913 910 suam
940 879 1169 910 necessitatem
1194 880 1297 921 possit
1321 880 1467 921 explere.
1513 891 1586 911 nam
1611 891 1682 911 cum
1707 881 1808 912 ambi-

154 931 236 962 tioni
261 941 339 962 suae
363 931 492 969 serviat,
518 941 620 972 prope
646 931 774 962 modum
800 931 918 962 donare
944 931 1080 966 videtur,
1106 931 1159 972 qui
1184 931 1293 962 vendit
1318 934 1460 972 rogatus.
1499 932 1539 963 ad
1557 935 1718 964 saturatos
1738 944 1808 964 cum

155 982 317 1014 mercibus
347 982 393 1013 ire
425 984 589 1013 certamen
622 985 686 1013 est:
724 993 781 1013 suo
815 986 923 1013 autem
955 983 1092 1024 pretium
1125 983 1229 1024 poscit
1257 983 1405 1017 arbitrio,
1439 984 1491 1024 qui
1521 984 1674 1015 victualia
1702 987 1811 1026 potest

156 1035 242 1066 ferre
266 1034 397 1066 ieiunis.

954 1129 1011 1160 VI.

439 1198 691 1230 SYMMACHO
711 1192 804 1229 ῨΊ·
830 1198 1045 1230 ΡΑΤΒΙΟῙΟ
1070 1198 1390 1230 THEODERICUS
1415 1199 1518 1230 REX.

1624 1228 1652 1247 a.
1673 1218 1808 1253 5075511

260 1267 451 1299 Rationales
475 1268 652 1309 petitiones
677 1268 858 1310 supplicum
882 1267 1022 1298 libenter
1045 1268 1279 1309 amplectimur,
1305 1268 1358 1309 qui
1384 1268 1480 1299 etiam
1506 1279 1570 1299 non
1594 1270 1699 1310 rogati
1723 1270 1808 1300 insta
1840 1277 1850 1293 ·'·

156 1319 347 1360 cogitamus.
391 1320 467 1361 quid
492 1323 542 1350 est
566 1320 652 1351 enim
683 1319 811 1361 dignius
845 1320 929 1361 quod
954 1319 1005 1351 die
1031 1324 1192 1361 noctuque
1216 1319 1346 1350 assidua
1370 1320 1606 1351 deliberatione
1631 1321 1808 1352 volvamus.

155 1371 217 1402 nisi
253 1374 289 1402 ut
326 1382 393 1403 rem
426 1371 590 1413 publicam
622 1374 762 1402 nostram
803 1372 886 1402 sicut
918 1382 1007 1402 arma
1039 1375 1227 1413 protegunt.
1263 1372 1411 1413 aequitas
1442 1372 1599 1403 inviolata
1630 1372 1808 1403 custodiat?

157 1423 346 1465 spectabilis
379 1424 487 1465 itaque
519 1423 716 1454 Valerianus
749 1424 780 1454 in
814 1424 1019 1465 Syracusana
1052 1424 1183 1454 civitate
1215 1424 1396 1454 consistens
1429 1425 1546 1455 reverti
1581 1435 1615 1455 se
1651 1424 1690 1455 ad
1724 1424 1809 1455 lares

155 1475 302 1517 proprios
327 1475 531 1516 supplicavit,
560 1475 613 1516 qui
639 1475 818 1506 studiorum
844 1486 942 1506 causa
967 1476 1085 1506 liberos
1111 1486 1185 1506 suos
1210 1476 1250 1506 ad
1274 1476 1452 1507 Romanam
1478 1477 1642 1508 civitatem
1666 1477 1809 1508 deduxit.

155 1526 245 1562 Quos
275 1527 411 1558 illustris
435 1527 677 1569 magnificentia
701 1531 756 1558 tua
779 1538 821 1558 ex
845 1531 954 1559 nostra
979 1528 1145 1559 continens
1170 1528 1311 1559 iussione
1335 1528 1366 1558 in
1391 1539 1489 1570 supra
1506 1529 1592 1560 dicta
1616 1529 1695 1560 urbe
1714 1529 1811 1559 faciat

155 1579 360 1610 commorari:
394 1589 455 1610 nec
485 1579 548 1610 illis
579 1580 678 1611 liceat
708 1582 783 1611 ante
815 1580 999 1619 discedere,
1033 1580 1095 1610 nisi
1125 1580 1185 1611 hoc
1214 1583 1323 1611 noster
1351 1581 1562 1622 proloquatur
1591 1582 1718 1612 affatus
1765 1581 1808 1611 ita

157 1631 244 1662 enim
269 1634 301 1662 et
324 1631 389 1662 illis
415 1630 594 1662 studiorum
618 1635 791 1673 provectus
817 1631 995 1673 adquiritur
1020 1635 1051 1663 et
1076 1635 1205 1662 nostrae
1230 1632 1384 1662 iussionis
1410 1633 1593 1664 reverentia
1618 1632 1808 1663 custoditur.

155 1681 229 1714 Non
258 1693 336 1724 ergo
366 1682 427 1714 sibi
455 1686 547 1725 putet
571 1683 771 1725 impositum,
804 1683 890 1725 quod
918 1684 1030 1715 debuit
1061 1694 1134 1715 esse
1164 1684 1318 1715 votivum.
1365 1685 1444 1715 nulli
1476 1685 1517 1715 sit
1540 1685 1670 1726 ingrata
1693 1684 1808 1717 Roma.

157 1745 241 1777 quae
275 1734 338 1765 dici
371 1745 435 1765 non
466 1738 574 1777 potest
605 1736 724 1772 aliena,
757 1736 812 1766 illa
843 1736 1048 1777 eloquentiae
1080 1735 1220 1766 fecunda
1251 1739 1363 1775 mater,
1398 1736 1452 1767 illa
1484 1737 1637 1767 virtutum
1668 1737 1809 1767 omnium

155 1786 348 1818 latissimum
373 1787 540 1829 templum.
588 1788 747 1818 sentiatur
771 1788 876 1829 plane,
903 1787 987 1829 quod
1012 1788 1133 1818 clarum
1158 1791 1221 1818 est:
1246 1798 1308 1818 non
1335 1789 1403 1819 sine
1428 1789 1532 1829 gratia
1560 1800 1632 1819 esse
1658 1788 1808 1819 creditur.
1850 1802 1853 1811 ¹

159 1839 211 1870 cui
234 1839 392 1870 habitatio
417 1842 508 1870 tanta
532 1843 728 1881 praestatur.

947 1934 1022 1965 vn.

568 2003 765 2034 SENARIO
790 1996 885 2034 vsi·
912 2003 1071 2034 OOMITI
1099 2003 1401 2034 PRIVATARUM

762 2055 1084 2087 THEODERIOUS
1110 2055 1212 2086 REX.
1628 2083 1657 2102 a,
1676 2072 1810 2113 :wop-‚70

259 2124 466 2166 Propositum
496 2128 628 2157 nostrae
657 2126 788 2167 pietatis
822 2128 871 2155 est
904 2124 1023 2155 iniuste
1054 2124 1307 2166 periclitantium
1340 2123 1512 2154 sublevare
1544 2124 1704 2159 fortunas,
1738 2125 1810 2165 quia

157 2176 241 2218 quod
271 2177 380 2208 aliena
403 2177 435 2207 vi
464 2180 589 2208 constat
618 2178 821 2219 impositum,
854 2176 983 2208 trahere
1015 2186 1078 2206 non
1107 2187 1280 2218 possumus
1310 2175 1351 2206 ad
1381 2175 1544 2207 delictum.
1592 2176 1736 2217 iniquum
1761 2180 1811 2207 est
1830 2184 1840 2199 ³²

157 2229 256 2267 enim,
285 2231 320 2259 ut
349 2229 488 2260 hominis
518 2229 595 2260 vitio
624 2229 797 2271 deputetur
821 2228 907 2270 quod
931 2229 999 2259 eius
1024 2228 1190 2259 voluntate
1221 2238 1284 2258 non
1309 2228 1445 2269 regitur:
1477 2231 1508 2258 et
1532 2227 1610 2258 illud
1635 2228 1811 2269 imputetur

158 2280 368 2322 periclitanti,
392 2280 479 2312 unde
504 2292 577 2312 raro
603 2280 696 2312 datur
721 2280 871 2312 evadere.
910 2280 1019 2322 Atque
1044 2279 1117 2310 ideo
1143 2280 1325 2310 sublimitas
1349 2282 1405 2310 tua
1422 2283 1650 2321 prosecutores
1667 2280 1810 2310 frumen-

157 2335 278 2370 torum,
311 2332 366 2373 qui
395 2332 435 2364 de
461 2332 572 2364 Sicilia
603 2333 730 2363 fuerant
761 2332 799 2363 ad
825 2332 948 2363 Gallias
979 2331 1146 2363 destinati.
1179 2331 1370 2362 lacrimabili
1402 2342 1460 2362 nos
1492 2331 1634 2362 aditione
1659 2332 1809 2372 pulsasse

262 2453 573 2485 LchPfllONfflfflOE)

260 2530 277 2556 2
295 2532 409 2564 grauiter
428 2530 478 2562 Pb,
501 2540 650 2564 grauassssu
670 2531 717 2555 ,ῐΙθΔ
827 2530 843 2555 3
861 2531 954 2563 gallica
974 2531 1016 2555 K¹
1125 2530 1141 2555 4
1161 2539 1259 2563 semper
1279 2539 1335 2563 neg.
1354 2539 1452 2563 semper
1471 2531 1500 2554 X
1565 2531 1712 2563 angustiore
1732 2531 1810 2562 prr-tin

157 2573 262 2607 largius]
286 2575 388 2607 scripsi,
418 2575 516 2608 largius
544 2576 690 2607 angustior(-
716 2575 874 2606 (angustiore
894 2574 925 2605 L,
950 2575 1112 2607 congustiore
1132 2574 1183 2598 Pal
1207 2575 1287 2606 pretio
1310 2574 1369 2598 libri
1491 2574 1506 2599 G
1525 2578 1568 2598 tuo
1586 2576 1606 2598 0
1693 2575 1774 2598 omnis
1791 2576 1811 2594 Ι)

158 2616 173 2642 7
197 2618 327 2643 uictualus
346 2618 394 2649 Pa,
418 2618 561 2642 uietuahuu
581 2617 622 2642 I'l'
732 2617 748 2641 8
771 2618 836 2642 sicut
861 2617 946 2642 0711.0
1058 2617 1089 2642 10
1112 2619 1184 2643 saluis
1205 2617 1344 2642 LRKJJX
1427 2618 1552 2650 expellere
1572 2618 1594 2641 „1
1703 2617 1732 2641 11
1756 2616 1810 2648 qui]

158 2661 224 2693 quod
238 2661 266 2684 N
336 2661 372 2685 ire
392 2669 449 2685 cuin
469 2670 543 2686 mere.
560 2661 587 2685 K
693 2661 724 2687 15
743 2659 890 2693 rationales]
906 2661 992 2692 LJIO.
1010 2662 1174 2686 rationabiles
1188 2661 1323 2691 RPXEA,
1342 2661 1395 2685 hiat
1408 2660 1438 2684 X
1546 2660 1576 2685 16
1595 2659 1671 2691 enini]
1693 2661 1739 2683 inv.
1755 2660 1809 2689 .¹l¹,

158 2712 205 2729 om.
219 2703 246 2728 E
315 2703 346 2728 17
366 2702 430 2736 aeq.]
450 2712 502 2736 aeq.
524 2712 624 2736 quoqne
645 2704 667 2728 ,1
688 2704 729 2733 (επ)
748 2713 785 2736 ep.
806 2705 829 2735 1,
847 2704 888 2736 39)
961 2704 991 2729 19
1011 2713 1107 2729 romani
1125 2705 1145 2728 ί)
1214 2704 1249 2729 ‘20
1266 2709 1310 2729 tna
1330 2713 1377 2729 om.
1392 2704 1436 2728 Ka
1472 2705 1567 2728 inssiun
1582 2705 1618 2728 ,ΙΙΊ
1638 2703 1695 2734 (em.
1716 2704 1740 2727 in
1760 2712 1810 2727 crr.

157 2747 221 2780 typ.)
263 2748 330 2772 facia
341 2747 383 2772 K¹
459 2746 492 2772 ‘21
511 2749 617 2773 affectus
629 2747 731 2772 ,ΠῙΧΕ
798 2747 832 2772 25
851 2746 957 2780 clarum]
971 2748 1105 2779 LRKPA,
1124 2757 1211 2773 carum
1225 2748 1410 2778 ,lIONXE21v',
1428 2753 1532 2772 cautum
1543 2747 1584 2771 E¹
1654 2746 1687 2771 ‘29
1701 2744 1810 2778 pietatis}

159 2790 294 2816 clemencie
314 2790 344 2816 N
460 2790 495 2816 30
518 2791 586 2824 quod
608 2791 640 2817 al.
664 2791 691 2816 ui
715 2795 814 2817 constat
833 2800 881 2818 om.
896 2791 919 2816 P
1039 2790 1071 2816 31
1091 2790 1238 2825 imputetur]
1260 2791 1407 2817 RJx'2XE.›l
1427 2791 1580 2821 coniectura,
1604 2791 1700 2823 inputet
1721 2790 1811 2821 reliqui

158 2831 192 2859 33
210 2833 291 2859 silicia
311 2833 333 2858 J,
403 2834 547 2861 laerinabili
570 2834 596 2859 K
664 2834 778 2867 pulsatos
803 2835 827 2858 Κ

1873 832 1890 858 3

1830 888 1853 905 lo

1830 1530 1892 1558 ⁴:02

1874 2281 1891 2310 Ῑύ
