2279 3261
484 193 544 222 390
1032 183 1234 211 EPISTVLAE
1255 182 1577 209 THEODERICIANAE

484 276 648 308 abstinere
672 275 824 316 dignetur
848 275 881 304 et
904 272 1074 314 permittas
1098 271 1184 302 omni
1216 269 1438 311 exagitatione
1470 272 1618 301 cessante
1647 269 1811 310 religionis
1841 270 1985 311 regulam
2017 273 2124 301 custo-

483 328 558 367 diri,
588 326 761 368 praecipue
793 335 865 355 cum
897 327 929 355 te
960 323 1092 354 alterius
1123 321 1357 353 communionis
1393 331 1455 352 non
1488 320 1620 352 dubium
1652 320 1708 359 sit,
1739 331 1799 352 nec
1835 331 2006 362 personam
2036 325 2125 353 tuam

485 379 605 410 debeas
630 377 727 409 rebus
753 376 792 407 ad
817 379 849 407 te
878 386 940 406 non
971 373 1210 416 pertinentibus
1236 372 1380 414 qualibet
1402 373 1582 404 intentione
1607 373 1760 411 miscere,
1789 383 1829 403 ne
1859 383 1918 404 nos
1949 373 2124 415 conpellas,

443 442 453 461 3
486 434 521 462 ut
545 440 642 471 supra
666 429 817 463 diximus„
840 427 881 458 ad
897 426 1048 457 domnum
1078 425 1178 456 filium
1202 434 1308 455 meum
1331 434 1442 465 regem
1466 424 1546 455 haec
1569 424 1678 455 omnia
1695 424 1793 455 missa
1815 424 1971 455 relatione
1992 424 2124 459 referre,

483 482 577 524 quia,
608 491 679 512 cum
712 481 780 521 ipsc
805 489 862 521 pro
892 489 951 509 sua
983 477 1143 519 sapientia
1167 476 1274 507 causis
1300 475 1530 507 ecclesiasticis
1560 476 1592 506 in
1621 475 1709 506 nullo
1736 475 1813 506 velit
1836 486 1909 506 esse
1934 476 2125 513 contrarius,

483 534 601 564 iustum
628 535 687 571 est,
713 535 748 562 ut
772 531 966 572 quicumque
997 529 1056 560 sub
1086 528 1172 559 illius
1198 538 1297 568 regno
1322 527 1416 558 vivit.
1452 527 1537 568 quod
1562 527 1640 558 facit
1667 537 1725 558 rex
1755 526 1944 568 magnificus
1972 527 2125 565 imitetur7

483 596 522 616 ne
548 584 697 616 videatur
723 594 821 625 snpra
845 583 931 614 illius
955 581 1089 613 tendere
1114 581 1324 611 voluntatem.

586 664 622 686 Ex
642 662 789 687 collectione
803 661 947 685 Britannica
958 659 1021 691 (cod.
1036 659 1143 684 Londin.
1158 657 1271 685 11.8873:
1293 658 1357 682 hanc
1377 666 1415 689 ep.
1435 657 1531 682 contuli
1546 656 1608 689 ipse)
1627 665 1681 689 epp.
1700 656 1821 681 Gelasiin.
1834 655 1865 680 14
1879 656 1947 686 (inde
1961 660 2072 681 extrema
2087 655 2126 680 cd.

484 706 570 730 Ewald
590 705 673 729 Nem
694 705 789 729 41)·(Ῐιῐυ
808 704 831 735 5,
845 703 906 732 514,
931 704 1028 735 reliqua
1053 702 1213 727 Loewenfeld
1239 709 1294 733 epp.
1318 701 1404 732 pontis.
1430 701 1499 724 Rom.
1526 700 1635 724 ineditae
1659 708 1680 724 a.
1700 698 1765 724 1885
1788 698 1853 731 psi:
1879 699 2127 724 ⁷Iafl'c-Loewenseld

483 758 507 773 n.
521 748 592 777 650).
629 749 659 773 tle
678 752 789 779 tempore
809 747 934 779 epistulae
953 747 1016 771 (lixit
1035 745 1124 770 Ewald
1143 745 1158 769 l.
1173 754 1194 769 c.
1215 753 1236 776 p.
1250 742 1307 768 529.

585 825 601 850 2
620 826 744 850 eukaristi
763 825 818 849 cml.
924 823 938 848 7
963 822 1022 855 non]
1048 831 1094 847 nos
1118 822 1172 846 eorl.
1283 821 1299 845 ὃ
1322 829 1444 853 exagmen
1470 821 1525 846 cod.
1630 819 1645 843 9
1664 820 1743 852 possit
1760 819 1813 844 cod.
1921 818 1954 844 10
1975 819 2051 843 sciret
2069 827 2100 842 m.
2115 822 2127 843 1

483 879 549 895 corr.
569 870 595 894 ιἰι
619 870 682 894 scire
707 869 763 893 cod.
871 866 899 891 ll
921 867 1079 892 eukaristum
1104 866 1158 890 cod.
1246 864 1366 888 laudarat
1389 864 1476 887 malim
1591 862 1623 887 12
1647 863 1718 895 potui
1740 871 1772 887 m.
1792 865 1802 886 1
1828 870 1894 887 corr.
1917 862 1945 886 ’ἱη
1968 862 2050 894 potuit
2073 861 2128 886 cod.

484 912 515 938 14
535 913 566 937 ob
591 913 651 936 add.
672 921 703 935 m.
718 914 733 935 2
752 911 808 935 cod.
880 910 912 935 16
932 918 974 935 ma
997 910 1024 933 bn
1043 909 1127 940 magis
1145 916 1271 939 master-scr.
1290 916 1322 931 m.
1341 910 1353 931 1
1373 907 1427 931 cod.
1500 905 1530 931 17
1550 906 1695 931 eukaristus
1714 906 1768 930 cod.
1846 904 1876 928 19
1895 905 2055 929 eukaristum
2074 905 2128 929 eod.

483 964 529 980 nos
549 955 651 979 addidit
669 964 701 979 m.
716 957 728 978 1
748 954 802 979 cod.
857 953 891 978 20
910 953 1041 978 conuineit
1060 961 1125 976 corr.
1146 952 1172 975 in
1195 951 1308 976 conuicit
1331 950 1385 974 cml.
1457 958 1502 973 nos
1526 948 1586 973 add.
1605 958 1637 973 m.
1658 952 1669 972 1
1689 949 1743 973 cod.
1848 946 1879 971 21
1900 948 2052 973 oucaristnm
2073 947 2127 972 coel.

482 998 515 1023 24
535 999 658 1023 eukaristi
678 998 732 1023 eod.
837 995 871 1021 28
890 1005 945 1021 esse
959 1000 1019 1027 pose
1037 995 1222 1020 communionis
1242 995 1288 1019 ius.
1308 993 1402 1018 Ewald
1506 991 1540 1017 30
1558 992 1672 1017 donnum
1691 992 1744 1016 cod.

953 1232 1203 1277 [GELASIUS]
1229 1231 1522 1264 THEODERICO
1547 1231 1667 1262 REGI.
2021 1258 2042 1279 a
2067 1248 2129 1278 495

588 1305 831 1347 Magnificentia
854 1307 965 1336 vestra
994 1303 1167 1346 perpendit
1197 1302 1408 1334 sacerdotalis
1436 1312 1488 1333 mc
1516 1301 1614 1332 officii
1644 1300 1843 1332 necessitate
1874 1300 2068 1341 constringi,
2096 1303 2131 1330 ut

484 1359 569 1401 apud
594 1357 799 1389 elementiam
824 1359 976 1395 vestram,
1002 1366 1098 1398 quam
1122 1358 1250 1385 constat
1274 1354 1381 1384 omnia
1405 1353 1523 1384 librare
1549 1352 1723 1394 sapienter,
1754 1351 1949 1382 intercessor
1965 1351 2128 1382 accedam.

587 1444 625 1467 Ex
650 1444 797 1468 collectione
822 1443 967 1467 Britannica
990 1441 1055 1471 (cod.
1075 1442 1183 1466 Londin.
1207 1451 1231 1466 n.
1250 1440 1329 1471 887&
1355 1440 1450 1465 contuli
1475 1439 1538 1471 ipse)
1563 1447 1618 1471 epp.
1638 1438 1733 1463 Gelasii
1758 1437 1828 1462 n.16
1853 1438 1921 1469 (inde
1941 1437 2029 1461 Ewald
2049 1436 2131 1461 Neues

485 1486 579 1511 Areln‘v
592 1485 607 1511 5
626 1495 649 1511 a.
666 1486 731 1511 1880
753 1496 776 1519 Ι).
793 1485 856 1513 515ς
876 1486 1116 1510 .1afl'e'-L‹>ewemeld
1135 1494 1159 1510 u.
1173 1484 1243 1515 652).
1280 1485 1310 1508 de
1329 1487 1432 1508 auctore
1451 1487 1476 1508 et
1495 1488 1607 1514 tempore
1627 1481 1750 1513 epistulae
1769 1481 1832 1505 dixit
1851 1481 1938 1505 Ewald
1967 1481 1983 1504 l.
1997 1489 2016 1504 c.
2038 1488 2061 1512 p.
2080 1479 2130 1505 507

484 1538 533 1561 seq.
554 1529 611 1554 529.

590 1590 600 1614 l
621 1589 734 1622 gelasius
754 1598 801 1613 om.
821 1588 875 1613 cod.
982 1587 998 1612 2
1016 1596 1056 1612 mc
1075 1596 1155 1620 supra
1173 1596 1196 1611 υ.
1215 1594 1247 1610 m.
1262 1588 1275 1610 1
1293 1585 1347 1610 cod.

1271 1757 1352 1788 IIII.

912 1827 1132 1859 GELASIUS
1158 1824 1468 1858 HERELEUVAE
1493 1823 1706 1856 REGINAE.

591 1915 653 1951 Qui
678 1925 734 1956 pro
759 1915 845 1945 victu
867 1924 1045 1955 pauperum
1070 1913 1200 1944 domino
1224 1913 1289 1943 filio
1314 1923 1384 1944 meo
1409 1911 1687 1943 excellentissimo
1712 1909 1781 1951 regi
1812 1919 1883 1940 cum
1912 1908 1992 1939 meis
2016 1908 2131 1939 litteris

458 1986 467 2003 s.
489 1969 701 2011 supplicaret,
731 1967 863 1998 Petrum
899 1967 1059 1998 ecclesiae
1089 1966 1295 1997 defensorem
1324 1964 1464 2005 dirigere
1495 1962 1677 2004 properavi.
1724 1972 1784 2003 quo
1809 1961 1957 1992 veniente
1986 1959 2131 1990 sublimi-

487 2024 587 2051 tatem
612 2030 739 2061 quoque
765 2023 853 2050 tuam
880 2019 1023 2050 salutare
1054 2029 1117 2049 non
1148 2017 1274 2054 destiti,
1302 2016 1475 2058 plurimum
1506 2015 1703 2057 deprecans,
1728 2016 1763 2044 ut
1786 2023 1842 2054 pro
1866 2015 1994 2043 vestrae
2019 2011 2132 2042 salutis

489 2076 520 2103 et
545 2071 771 2113 prosperitatis
795 2071 977 2111 augmentis
1003 2070 1169 2111 egentium
1193 2079 1308 2100 causas
1332 2068 1442 2098 iuvare
1467 2066 1652 2108 dignemini.
1698 2065 1773 2096 data
1789 2064 1828 2095 V.
1854 2064 1884 2094 k.
1902 2063 1981 2094 Mar.

591 2141 707 2165 Servavit
736 2140 833 2172 sylloge
861 2139 998 2164 cardinalis
1025 2139 1166 2163 Deustledit
1191 2139 1265 2168 (saec.
1291 2137 1327 2160 XI
1350 2135 1478 2165 exeuntis)
1502 2134 1548 2159 l.4
1571 2133 1640 2158 c.5:')
1664 2133 1820 2164 (coavatic.
1843 2130 1909 2156 3833
1935 2129 2030 2161 s.105',
2058 2139 2133 2162 quein

488 2184 596 2208 contulit.
619 2183 680 2207 mihi
700 2184 773 2212 Maxu
798 2183 931 2207 ediderunt
955 2182 1013 2206 inde
1032 2182 1163 2206 Ballou-inii
1193 2181 1217 2205 in
1241 2188 1296 2212 epp.
1318 2180 1409 2203 Leonis
1430 2183 1486 2202 nnn.
1503 2177 1518 2200 33
1537 2186 1558 2201 a.
1574 2176 1639 2201 1757
1659 2185 1682 2208 p.
1697 2176 1806 2201 CCCH':
1834 2175 1917 2199 Mansi
1936 2173 2035 2205 8‚142;
2059 2174 2133 2197 Thiel

488 2236 543 2259 epp.
564 2227 651 2258 pontis.
668 2225 678 2249 l
701 2235 722 2257 p.
737 2224 798 2253 502;
819 2225 1060 2250 JaffissLoowenseld
1081 2223 1186 2253 11,<383).

1292 2357 1332 2390 V.

1050 2425 1271 2458 GELASIUS
1296 2423 1582 2455 ERELEUVAE.
2023 2447 2052 2469 a·
2069 2437 2133 2467 496

594 2498 736 2529 Felicem
762 2500 793 2528 et
816 2497 949 2528 Petrum
966 2496 1113 2527 Nolanae
1139 2495 1297 2526 ecclesiae
1323 2493 1456 2524 clericos
1481 2491 1643 2533 surripere
1664 2490 1809 2532 potuisse
1837 2488 1987 2520 sensibus
2004 2491 2132 2519 vestrae

490 2549 696 2581 sublimitatis
738 2549 893 2585 admiror,
934 2551 969 2579 ut
1008 2551 1120 2579 contra
1157 2546 1282 2585 divinas
1323 2545 1549 2584 humanasque
1583 2543 1674 2583 leges
1707 2541 1930 2572 ecclesiastica
1966 2539 2134 2581 privilegia

489 2604 677 2643 respuentes
703 2611 876 2642 suppresso
901 2600 1030 2630 nomine
1056 2598 1199 2630 clericali
1224 2597 1265 2628 ad
1282 2596 1400 2627 iudicia
1416 2595 1506 2638 publi
1517 2605 1554 2625 ca
1571 2593 1792 2627 convolarent.
1811 2591 1938 2633 quando
1954 2590 2131 2632 imperiali-

490 2654 550 2683 bus
575 2652 755 2683 constitutis
779 2652 863 2682 inter
886 2650 1067 2681 huiusmodi
1085 2659 1242 2691 personas
1259 2647 1410 2690 quicquid
1428 2646 1523 2678 sedes
1541 2644 1721 2687 apostolica
1750 2643 1941 2681 censuisset,
1966 2642 2131 2673 decretum

490 2705 587 2735 fuerit
611 2706 761 2745 oportere
786 2703 919 2736 servari,
950 2713 1011 2732 non
1041 2701 1144 2732 solum
1174 2700 1291 2731 domno
1321 2699 1385 2730 filio
1419 2708 1501 2734 meo,
1529 2696 1699 2737 magnifico
1729 2695 1797 2735 regi
1814 2694 2000 2731 illudentes,
2031 2692 2130 2723 veluti

491 2756 563 2787 laici
588 2758 700 2785 contra
724 2754 887 2795 proprium
906 2756 1082 2795 praecepta
1106 2752 1195 2792 regia
1212 2751 1426 2792 deposcerent
1443 2747 1656 2783 sacerdotem,
1681 2745 1737 2777 sed
1761 2745 1858 2776 etiam
1881 2744 2032 2776 adhibitis
2057 2744 2130 2774 bar-

491 2809 577 2839 baris
602 2806 660 2836 sub
685 2807 814 2837 nomine
843 2806 957 2836 domus
988 2808 1117 2835 vestrae
1148 2804 1179 2834 in
1210 2802 1356 2833 eiusdem
1387 2801 1545 2844 praesulis
1579 2799 1626 2829 sui
1657 2797 1832 2840 perniciem
1858 2806 2034 2836 necemque
2059 2805 2131 2825 sae-
