2279 3261
406 258 423 285 [ὑ

407 1376 425 1404 Ν)

445 726 468 744 10

493 172 548 200 120
1206 166 1416 192 OAsslonoffl

487 255 674 285 Arcotamia
702 254 812 295 itaque
846 253 979 284 illustris
1012 252 1132 283 femina
1160 252 1314 284 flebiliter
1342 253 1559 295 ingemiscens
1593 254 1719 295 nepotis
1750 254 1798 284 sui
1830 253 2047 284 calamitatem
2075 253 2133 284 tali

488 306 720 347 conquestione
735 305 925 346 deploravit,
947 304 1021 335 dum
1037 315 1164 346 semper
1181 306 1273 336 aviae
1292 316 1368 336 eura
1385 306 1525 336 tenerior
1548 308 1598 336 est
1616 317 1756 343 suorum,
1778 316 1930 337 asserens
1944 305 2133 337 Aetheriam

487 368 602 388 nurum
628 368 729 395 suam,
753 357 859 387 mariti
883 356 1060 398 postposita
1085 356 1269 395 dilectione,
1295 357 1421 388 cuidam
1447 367 1480 387 se
1501 357 1631 388 Libcrio
1657 356 1756 398 iugali
1780 357 1911 388 foedere
1935 357 2077 388 sociasse
2102 360 2135 388 et

487 420 559 440 cum
584 409 728 440 ornatior
752 409 840 450 cupit
863 409 954 439 novis
978 408 1128 439 thalamis
1153 419 1328 450 apparere,
1360 408 1519 439 studuerit
1542 409 1657 449 prioris
1686 409 1745 439 viri
1773 409 1946 440 facultates
1976 412 2133 447 evertere,

489 461 635 501 allegans
659 460 794 491 ditatam
819 460 957 491 filiorum
983 460 1110 501 spoliis,
1139 460 1254 501 quibus
1285 461 1386 501 magis
1416 460 1526 491 decuit
1554 460 1755 501 congregari.
1801 460 1945 501 Ideoque
1974 470 2048 499 nos,
2080 460 2134 501 qui

488 511 648 542 desideria
672 511 911 554 supplicantum
937 512 1163 543 consuevimus
1188 513 1354 543 remittere
1380 512 1419 543 ad
1444 514 1565 542 statuta
1589 511 1741 542 divalium
1767 512 1986 551 sanctionum,
2016 515 2051 543 ut
2074 522 2134 543 nec

487 563 739 594 insinuationem
763 564 943 605 supplicum
966 574 1139 594 renuamus
1156 574 1216 594 nec
1236 563 1413 594 adversarii
1430 563 1595 604 negotium
1612 563 1743 594 credula
1759 563 1915 594 facilitate
1933 563 2132 603 damnemus,

487 615 696 646 sublimitatis
720 618 848 646 vestrae
873 615 991 646 iudicio
1017 615 1100 646 hanc
1125 625 1256 646 causam
1280 615 1407 656 legibus
1433 615 1661 646 committimus
1686 615 1890 653 audiendam,
1914 618 1950 646 ut
1974 615 2061 646 omni
2085 615 2132 646 in-

487 667 642 698 civilitate
667 671 828 699 summota
851 667 966 699 mediis
991 667 1208 698 sacrosanctis
1233 667 1409 707 evangeliis
1434 677 1507 696 cum
1537 666 1640 697 tribus
1670 666 1851 705 honoratis,
1883 677 1962 708 quos
1994 667 2134 708 partium

488 730 666 750 consensus
700 719 849 760 elegerit,
882 719 934 760 qui
963 719 1072 760 legum
1104 718 1228 760 possint
1258 718 1379 749 habere
1412 718 1576 756 notitiam,
1608 718 1760 759 quicquid
1791 718 1889 760 prisci
1924 719 2002 749 iuris
2031 719 2135 750 forma

488 771 653 801 constituit
678 771 761 801 inter
785 781 854 806 eOS,
886 770 1090 801 considerata
1114 769 1285 810 disciplina
1309 770 1408 800 nostri
1432 770 1603 811 temporis,
1633 770 1819 811 proferatis,
1850 770 1925 811 quia
1948 781 2011 801 non
2040 769 2135 801 decet

488 832 545 864 per
570 823 632 853 vim
658 833 713 853 eos
739 821 860 863 aliquid
884 832 993 862 agere,
1019 821 1072 862 qui
1097 820 1136 851 ad
1160 824 1272 851 nostra
1295 824 1483 852 meruerunt
1507 821 1667 862 regimina
1690 821 1869 863 pervenire.

1264 975 1360 1006 XIII.

679 1045 874 1076 sENARIO
890 1038 933 1076 ῗῗ·
950 1038 980 1075 I·
1000 1044 1156 1075 OOMITI
1181 1044 1479 1076 PRIVATARUM
1501 1044 1820 1076 THEODERICUS
1839 1044 1941 1076 REX.
1958 1072 1987 1092 a·
2000 1061 2135 1102 509l510

588 1114 818 1145 Emolumenta
842 1114 957 1146 deesse
982 1114 1205 1145 laborantibus
1230 1125 1294 1145 non
1320 1117 1460 1156 oportet,
1490 1117 1526 1145 ut
1550 1117 1582 1145 et
1605 1114 1711 1145 bonae
1736 1114 1806 1155 spei
1834 1113 1940 1144 aditus
1970 1113 2136 1155 aperiatur

458 1175 467 1192 5
488 1170 521 1198 et
537 1166 764 1197 desudantium
782 1167 915 1207 querela
931 1166 1017 1196 iusta
1035 1166 1297 1208 compensatione
1315 1165 1492 1197 claudatur.
1528 1169 1624 1207 atque
1641 1165 1713 1196 ideo
1729 1165 1964 1207 providentiam
1982 1168 2134 1204 nostram,

487 1229 569 1260 quae
594 1229 706 1249 omncs
730 1218 777 1249 rei
802 1218 952 1259 publicae
978 1221 1085 1259 partes
1111 1217 1169 1248 sub
1195 1218 1330 1249 caelesti
1360 1217 1470 1248 favore
1500 1217 1733 1259 circumspicit,
1763 1216 1931 1248 ordinasse
1962 1227 2135 1258 cognosce,

487 1274 521 1301 ut
544 1270 698 1301 Colossco
727 1270 845 1301 illustri
868 1270 935 1300 viro
961 1280 1017 1311 pro
1043 1269 1209 1300 laboribus
1241 1273 1272 1300 ct
1296 1269 1419 1300 meritis
1446 1269 1486 1300 ad
1511 1269 1721 1300 Sirmiensem
1746 1269 1949 1300 Pannoniam
1973 1268 2134 1300 destinato

487 1323 578 1353 iuxta
608 1322 877 1353 consuetudinem
909 1324 1053 1352 veterem
1084 1321 1237 1351 victualia
1268 1321 1497 1362 praebeantur,
1533 1324 1710 1362 quatenus,
1746 1321 1821 1351 dum
1854 1323 2034 1352 memorato
2067 1321 2134 1352 viro

487 1374 672 1405 necessaria
696 1373 815 1404 fuerint
838 1376 1045 1415 praeparata.
1078 1373 1168 1403 locus
1193 1373 1320 1403 iniustis
1345 1372 1665 1414 praesumptionibus
1690 1373 1873 1414 abrogetur.
1919 1372 2135 1414 Disciplinam

444 1432 455 1450 2
489 1425 644 1466 siquidem
677 1435 741 1455 non
772 1428 880 1466 potest
912 1435 1040 1456 servare
1071 1426 1197 1457 ieiunus
1233 1426 1414 1464 exercitus,
1451 1425 1525 1456 dum
1558 1425 1642 1466 quod
1674 1425 1768 1456 deest
1799 1436 1928 1467 semper
1958 1425 2136 1467 praesumit

487 1480 640 1507 armatus.
686 1477 807 1508 habeat
837 1477 921 1518 quod
947 1481 1045 1511 emat,
1078 1489 1117 1508 ne
1143 1481 1278 1519 cogatur
1302 1478 1445 1519 cogitare
1470 1477 1555 1519 quod
1580 1478 1716 1509 auferat.
1763 1477 1943 1508 necessitas
1968 1477 2136 1508 moderata

488 1539 550 1559 non
575 1528 687 1570 diligit,
712 1539 771 1560 nec
796 1532 905 1570 potest
930 1529 1082 1570 imperari
1106 1529 1215 1560 multis
1240 1528 1326 1570 quod
1350 1532 1517 1570 nequeunt
1541 1528 1700 1560 custodire
1725 1529 1923 1570 paucissimi.

1256 1682 1370 1713 xlm.

890 1751 1084 1783 cnsILAE
1111 1751 1264 1782 SAIONI
1288 1750 1609 1783 THEoDERicUs
1635 1751 1735 1782 REX.
1952 1780 1981 1800 a.
2000 1770 2135 1810 5077511

589 1820 697 1862 Magni
722 1821 848 1862 peccati
872 1831 976 1862 genus
1001 1824 1050 1852 est
1074 1821 1188 1851 alienis
1213 1821 1331 1852 debitis
1356 1821 1493 1851 alterum
1518 1831 1751 1862 praegravare,
1781 1825 1816 1852 nt
1839 1822 1892 1863 qui
1915 1825 2024 1863 potest
2048 1822 2135 1863 exigi

444 1879 466 1897 21·
488 1883 550 1902 11011
586 1876 749 1903 mereatur
783 1872 897 1903 audiri.
954 1884 1012 1903 sua
1048 1883 1208 1914 quemque
1244 1872 1360 1903 damna
1396 1872 1573 1914 respiciant
1607 1876 1639 1903 et
1673 1873 1699 1903 is
1735 1873 1839 1904 solvat
1873 1874 2045 1912 tributum,
2082 1873 2135 1915 qui

445 2139 469 2158 30

487 1925 702 1966 possessionis
726 1925 873 1955 noscitur
903 1925 1025 1955 habere
1056 1924 1289 1965 compendium.
1337 1927 1434 1965 atque
1464 1924 1535 1955 ideo
1566 1925 1730 1965 praesenti
1763 1925 1821 1956 tibi
1854 1926 2046 1956 auctoritate
2078 1925 2134 1956 de-

488 1977 645 2017 legamus.
670 1980 704 2006 ut
722 1975 819 2007 Gothi
843 1987 900 2018 per
916 1976 1069 2007 Picenum
1095 1977 1162 2007 sive
1178 1976 1312 2007 Tuscias
1338 1979 1490 2017 utrasque
1514 1976 1696 2007 residentes
1720 1980 1752 2008 te
1770 1977 1955 2007 imminente
1979 1979 2136 2018 cogantur

488 2028 657 2058 exsolvere
675 2028 802 2059 debitas
820 2028 1013 2060 functiones.
1049 2028 1085 2058 In
1109 2028 1189 2070 ipsis
1215 2029 1299 2059 enim
1317 2028 1415 2058 initiis
1432 2028 1694 2069 comprimendus
1712 2038 1868 2059 excessus
1893 2031 1952 2067 est,
1976 2038 2016 2059 ne
2039 2028 2135 2060 foeda

489 2081 623 2111 imitatio
648 2082 739 2122 qnasi
763 2082 864 2123 turpis
891 2082 1017 2113 scabies
1042 2082 1198 2123 paulatim
1223 2081 1366 2122 reliquos
1385 2080 1649 2122 comprehendat.
1687 2081 1712 2111 si
1734 2080 1804 2121 quis
1823 2090 1899 2121 ergo
1919 2080 2007 2110 iussa
2023 2082 2136 2110 nostra

489 2133 610 2173 agresti
642 2133 754 2174 spiritu
787 2134 992 2175 resupinatus
1025 2134 1195 2167 abiecerit,
1231 2143 1324 2164 casas
1356 2133 1425 2164 eius
1457 2133 1615 2174 appositis
1646 2132 1749 2163 titulis
1782 2132 1852 2163 fisci
1883 2131 1983 2162 nostri
2013 2131 2134 2163 viribus

488 2184 675 2223 vindicabis,
699 2188 734 2214 ut
758 2185 810 2226 qui
835 2185 918 2216 iuste
943 2186 1046 2216 noluit
1070 2196 1170 2228 parva
1195 2186 1332 2218 solvere,
1357 2184 1591 2216 rationabiliter
1614 2184 1761 2215 videatur
1784 2183 1927 2214 maxima
1943 2182 2133 2225 perdidisse.

592 2306 825 2336 LRKPMONJ'XJ
832 2305 902 2335 E(F)

593 2382 605 2407 1
631 2382 776 2414 arcmanna]
802 2383 958 2407 arectliamia
979 2383 1009 2413 Γ,
1036 2384 1189 2408 arclwtamia
1212 2384 1328 2410 JJXEA,
1356 2383 1510 2407 archotomia
1527 2384 1547 2406 (Ι
1642 2383 1816 2414 ingemescens
1834 2382 1906 2405 ΣΙΙΕι
2036 2381 2052 2406 ‘2
2076 2390 2134 2406 con-

489 2426 614 2458 questioni
628 2426 651 2449 P
685 2426 816 2450 aitheriann
828 2426 856 2449 K
922 2425 939 2449 4
958 2430 1072 2450 auertere
1092 2426 1135 2449 ΚΣ
1206 2426 1221 2450 6
1240 2427 1438 2458 supplicantium
1450 2425 1532 2455 KPO,
1545 2425 1698 2457 supplicium
1712 2425 1740 2449 F
1771 2424 1961 2457 consueuimus]
1981 2425 2137 2449 nouimusE

539 2472 619 2493 statut
632 2468 652 2492 O
662 2467 722 2500 ¹[!],
740 2469 823 2492 studia
839 2468 867 2491 X
951 2468 964 2492 T
979 2470 1154 2494 insinuat-ione
1169 2472 1188 2491 (Ι
1241 2471 1343 2494 facitate
1355 2469 1399 2493 Ka
1488 2468 1520 2492 10
1538 2469 1622 2500 legam
1633 2468 1663 2492 N
1710 2473 1816 2500 possunt
1826 2468 1848 2492 L
1937 2468 1966 2492 11
1987 2469 2078 2493 nostris
2090 2468 2135 2492 Na

489 2511 521 2536 14
544 2512 720 2536 laborantibus
745 2511 886 2535 *laboribus
906 2511 960 2535 Nax
984 2512 1069 2536 deesse
1090 2512 1119 2535 X
1184 2516 1212 2537 ut
1230 2521 1277 2537 om.
1295 2512 1332 2536 Ε1
1404 2512 1516 2544 aperitur
1535 2511 1579 2535 Na
1685 2510 1716 2535 16
1735 2511 1881 2536 *ordinasse
1900 2511 1924 2535 R
2033 2510 2065 2535 17
2085 2511 2134 2535 col-

488 2555 555 2579 10500
569 2554 621 2578 NE
684 2554 738 2578 uiro
757 2554 847 2578 illustri
862 2554 898 2576 ΑΟ
963 2555 1128 2585 syrmiensem
1142 2554 1325 2578 PJIOXXEA
1390 2552 1554 2586 pannoniam]
1575 2553 1700 2577 coloniam
1714 2552 1738 2576 R
1844 2552 1875 2577 IS
1895 2554 1961 2578 iusta
1978 2553 2003 2577 E
2065 2561 2133 2577 cons.

488 2596 549 2629 netz]
575 2601 624 2621 uet.
649 2605 716 2620 cons.
736 2596 768 2626 lt,
792 2605 860 2620 cons.
885 2603 943 2622 (om.
963 2601 1085 2621 ueterem)
1106 2596 1135 2620 X
1246 2596 1276 2620 19
1300 2594 1558 2629 praesumptionibus]
1584 2596 1807 2628 municionibus
1827 2595 1857 2618 X
1966 2595 1997 2620 21
2021 2599 2134 2620 armatus

488 2649 536 2664 om.
551 2640 578 2663 N
647 2643 711 2664 emet
724 2639 753 2662 N
818 2643 925 2671 cogatur
943 2648 988 2663 om.
1004 2639 1027 2663 H
1036 2640 1044 2654 ¹
1109 2639 1248 2671 moderata]
1269 2640 1428 2664 moderamen
1443 2639 1533 2663 XEAe
1633 2638 1667 2663 ‘22
1686 2642 1767 2670 potest
1786 2647 1832 2663 om.
1848 2638 1872 2662 R
1881 2638 1888 2652 ¹
1953 2643 2082 2670 nequeant
2097 2638 2134 2662 Ae

541 2683 668 2715 pacissimi
686 2684 706 2706 Ο
809 2681 842 2706 ‘24
861 2681 913 2714 qni]
934 2683 1000 2714 quod
1016 2683 1037 2706 -1
1144 2683 1177 2707 25
1196 2683 1290 2714 quique
1312 2683 1348 2706 AO
1402 2681 1432 2714 is]
1453 2683 1473 2706 51
1491 2682 1511 2706 O
1600 2680 1632 2706 26
1651 2681 1853 2714 possessionibus
1873 2681 1899 2705 E
1956 2686 2023 2706 auct.
2043 2682 2089 2706 tibi
2109 2681 2140 2705 Ν

488 2725 520 2749 27
540 2727 669 2758 piscenum
690 2725 723 2756 N,
745 2725 890 2758 pinceniuni
911 2725 937 2748 E
1004 2730 1027 2749 te
1047 2734 1094 2749 om.
1112 2727 1133 2749 0
1235 2724 1268 2749 ‘28
1288 2724 1374 2757 initiis]
1395 2725 1473 2749 initiis
1492 2730 1517 2750 et
1535 2725 1677 2757 primordiis
1696 2724 1720 2748 P
1822 2723 1855 2748 ‘29
1875 2725 2075 2756 comprehandat
2093 2724 2132 2748 L¹

488 2768 521 2793 30
540 2770 633 2801 agresti
652 2769 742 2801 spiritu
760 2767 931 2801 resupinatus]
951 2769 1057 2801 agrestis
1077 2768 1178 2800 (grestis
1192 2768 1233 2793 X)
1254 2769 1356 2800 spiritns
1376 2769 1430 2793 iure
1449 2769 1584 2800 supinatus
1597 2766 1759 2792 MONXEF
1817 2775 1907 2791 causas
1922 2766 1942 2791 O
2007 2767 2098 2792 nostris
2111 2767 2136 2791 P

539 2811 647 2844 uiribus]
664 2812 778 2841 IUIXE,
796 2812 895 2836 iuribus
908 2810 945 2842 (ut
958 2812 1066 2843 ridetur)
1081 2812 1170 2843 reliqui
1269 2811 1299 2836 :31
1320 2811 1393 2841 iuste]
1412 2813 1458 2836 iste
1470 2811 1511 2835 K¹
1575 2809 1664 2843 n‹›luit]
1679 2810 1786 2835 noluerit
1801 2809 1841 2833 Ε1
1904 2811 2020 2835 uideatur
2033 2819 2081 2835 0771.
2092 2810 2116 2834 R
2125 2810 2133 2824 ¹
