2279 3261
759 183 953 210 VARIARVM
974 185 1020 213 XI,
1039 186 1080 210 38.
1100 186 1141 210 39.
1160 185 1202 211 40.
1747 192 1808 220 353

156 271 372 303 numerositas
409 272 581 303 molarum.
620 282 713 312 quam
747 271 932 313 specialiter
964 271 1182 302 contributam
1214 275 1342 303 constat
1373 272 1412 303 ad
1448 274 1575 305 vietum.
1630 275 1689 306 hoc
1724 276 1808 306 enim

158 324 408 356 instrumentum
433 324 492 354 nisi
517 324 615 355 fucrit
639 324 767 361 usuale,
798 323 1020 354 necessarium
1046 334 1108 353 non
1132 322 1287 361 habetur,
1313 324 1441 365 quando
1468 335 1526 355 nee
1553 328 1677 357 ornatui
1704 331 1811 369 potest

157 376 311 418 proficere
337 386 397 406 nec
421 376 504 417 parti
529 375 614 406 aliae
639 376 824 407 convenire.
865 375 1004 416 denique
1030 375 1110 406 haec
1135 376 1226 416 quasi
1251 375 1447 407 vestimenta
1472 378 1613 418 pretiosa
1639 390 1807 420 corporum

157 428 201 459 ita
226 430 301 458 sunt
324 426 441 458 indicia
467 427 644 462 civitatum.
669 427 744 458 (lum
769 427 876 458 nullus
895 427 1076 468 adquiescit
1094 427 1258 468 superflua
1276 427 1394 462 facere,
1419 439 1502 469 quae
1528 440 1562 459 sc
1579 431 1668 461 novit
1685 431 1810 472 magnis

156 480 268 523 pretiis
292 479 468 521 explicare.
514 479 600 510 Hinc
624 480 708 510 enim
733 480 802 516 fuit,
827 483 862 510 ut
886 482 1058 510 montuosa
1078 479 1223 509 Lucania
1249 489 1323 509 sues
1349 480 1516 520 penderet,
1542 481 1615 511 hinc
1640 485 1674 512 ut
1692 482 1810 513 Bruttii
1839 489 1850 507 5
1875 484 1891 513 3

156 533 253 564 boum
283 542 382 573 pecus
414 531 566 572 indigena
594 531 744 562 ubertate
775 534 990 573 praestarent.
1042 530 1102 561 fuit
1131 530 1280 561 nimirum
1311 534 1484 573 utrumque
1515 534 1680 569 mirabile,
1713 538 1747 564 ut
1779 538 1811 565 et

156 584 343 626 provinciae
376 586 486 615 tantae
516 584 637 615 civitati
670 584 858 615 sufficerent
888 586 920 614 et
948 583 993 614 sic
1023 582 1130 624 ampla
1155 582 1267 613 civitas
1293 594 1404 614 earum
1428 584 1597 615 beneficiis
1623 586 1809 616 victualium

157 635 369 677 indigentiam
399 646 463 666 non
495 636 640 666 haberet.
685 640 756 667 erat
786 635 914 677 quidem
946 635 1009 665 illis
1041 635 1218 676 gloriosum
1249 634 1386 665 Romam
1416 646 1567 676 pascere:
1604 637 1660 667 sed
1690 641 1810 678 quanto

157 687 325 729 dispendio
356 687 529 718 videbatur
558 698 653 729 posse
688 691 835 719 constare
865 687 1027 718 adducere
1058 690 1123 717 tam
1153 686 1261 717 multis
1286 686 1457 718 itineribus
1483 698 1565 729 quae
1590 688 1746 719 darentur
1772 688 1809 719 ad

157 739 292 782 ponduS,
317 739 391 770 dum
417 749 499 781 quae
523 739 747 781 probabantur
770 739 963 770 decrescere
989 739 1095 769 nullus
1120 741 1247 780 poterat
1267 738 1441 780 imputare!
1488 739 1670 770 Redactum
1695 743 1745 771 est
1770 740 1810 771 ad
1831 748 1854 765 ¹⁴»
1875 743 1891 770 4

156 792 306 834 pretium,
331 790 386 821 ubi
411 791 478 833 pati
502 802 564 822 non
590 795 741 833 poterant
764 791 1007 829 detrimentum7
1033 790 1119 832 quod
1143 800 1203 821 nec
1228 790 1399 821 itineribus
1424 791 1623 822 imminuitur
1644 803 1703 823 nec
1720 792 1810 822 labo-

156 843 244 874 ribus
273 843 446 874 sauciatur.
492 844 684 885 intellegant
712 844 896 885 provinciae
926 843 1011 874 bona
1047 854 1114 874 sua.
1161 853 1234 873 nam
1266 843 1292 873 si
1323 843 1445 885 antiqui
1475 854 1587 875 eorum
1617 845 1747 875 fuerunt
1771 844 1810 875 ad

157 895 327 937 dispendia
356 895 480 930 devoti.
514 907 569 927 cur
597 896 650 927 isti
681 907 744 927 non
775 896 840 927 sint
863 896 905 927 ad
935 895 1127 938 compendia
1151 895 1308 926 solvenda
1332 895 1496 926 munifici?
1544 899 1576 926 et
1600 895 1672 926 ideo
1698 896 1811 926 ambos

157 948 268 978 titulos
297 947 328 978 in
357 958 463 978 assem
493 948 658 989 publicum
688 948 752 979 iam
782 948 931 980 redactos
961 948 1131 989 diligentia
1155 950 1211 978 tua
1235 948 1364 978 statutis
1389 947 1588 978 illationibus
1613 947 1810 989 procurabit,

158 1010 198 1030 ne
222 999 303 1030 meis
327 999 526 1041 temporibus
550 1001 764 1042 neglegentes
790 1011 863 1032 esse
892 1000 1064 1031 videantur
1088 1000 1141 1041 qui
1165 1000 1281 1031 alienis
1306 999 1518 1040 dignitatibus
1543 999 1700 1030 laudabili
1725 1000 1807 1030 inte·
1831 1007 1852 1024 15

157 1051 274 1092 gritate
303 1055 490 1093 paruerunt.
537 1052 620 1083 Nam
651 1052 729 1084 licet
760 1056 792 1083 et
825 1053 904 1084 alias
932 1052 1115 1094 provincias
1145 1052 1323 1083 studuerim
1355 1051 1505 1085 reficere.
1540 1051 1619 1082 nihil
1649 1054 1756 1082 tamen
1781 1052 1812 1082 in
1876 1054 1893 1081 5

157 1103 221 1134 illis
246 1107 353 1134 actum
380 1106 429 1134 est
452 1103 537 1145 quod
562 1104 717 1135 voluerim
736 1104 911 1135 vindicare.
952 1106 1126 1134 senserunt
1143 1113 1193 1134 me
1212 1102 1351 1134 iudicem
1369 1114 1462 1134 suum
1481 1105 1513 1133 et
1530 1103 1646 1144 quibus
1664 1104 1811 1144 privatus

157 1155 198 1186 ab
223 1155 292 1186 avis
317 1156 486 1197 atavisque
511 1156 651 1197 praefui.
677 1156 820 1187 vivacius
846 1156 935 1186 nisus
961 1166 1030 1186 sum
1055 1155 1087 1186 in
1110 1155 1192 1186 meis
1217 1155 1360 1186 fascibus
1385 1155 1551 1191 adiuvare,
1576 1158 1611 1186 ut
1635 1166 1685 1185 me
1711 1166 1810 1196 agno-

159 1211 286 1240 scerent
317 1208 458 1239 retinere
490 1208 642 1239 affectum
674 1208 815 1250 patriae,
850 1218 929 1249 quos
958 1208 990 1238 in
1022 1207 1103 1238 meis
1128 1207 1336 1249 provectibus
1361 1207 1541 1238 sentiebam
1566 1218 1729 1248 propensa
1755 1217 1810 1237 ex-

158 1260 318 1291 ultatione
342 1259 496 1301 gaudere.
543 1264 679 1302 pareant
704 1270 780 1301 ergo
804 1270 867 1290 non
892 1260 1113 1301 compulsione
1138 1259 1260 1301 aliqua.
1287 1259 1342 1290 sed
1368 1270 1493 1294 amore,
1519 1258 1648 1300 quando
1673 1262 1705 1289 ct
1730 1259 1812 1289 hanc
1832 1266 1856 1284 2⁰

159 1323 316 1344 summam
348 1313 412 1343 illis
444 1313 606 1348 imminui,
640 1323 722 1354 quae
756 1312 884 1343 solebat
914 1312 1033 1343 offerri.
1086 1321 1159 1342 nani
1193 1321 1265 1341 cum
1294 1311 1382 1342 mille
1413 1311 1543 1342 ducenti
1573 1310 1666 1341 solidi
1698 1311 1812 1341 annuis

159 1364 432 1406 praestationibus
458 1364 676 1403 solverentur,
708 1364 748 1395 ad
772 1365 860 1395 mille
892 1374 947 1395 eos
972 1364 1062 1405 regia
1086 1364 1238 1405 largitate
1263 1363 1428 1396 revocavi.
1460 1366 1495 1393 ut
1520 1363 1707 1393 exultarent
1732 1373 1811 1404 gau-

158 1417 284 1448 diorum
309 1417 483 1448 crementis
507 1416 547 1448 de
572 1417 725 1448 oneribus
750 1416 939 1447 imminutis.

949 1582 1019 1613 XL.

821 1649 1146 1681 INDULGENTIA.
1629 1676 1658 1695 a.
1679 1665 1815 1703 5357537

264 1721 419 1757 Quamvis
444 1732 559 1752 nomen
584 1721 689 1763 ipsum
709 1720 823 1752 iudicis
840 1720 980 1751 dicatum
998 1719 1147 1751 videatur
1164 1729 1236 1750 esse
1254 1719 1397 1749 iustitiae
1415 1722 1447 1749 et
1465 1718 1564 1749 totius
1582 1718 1656 1748 anni
1674 1717 1812 1748 orbitam
1832 1723 1855 1742 25
1882 1719 1891 1746 1

160 1775 333 1816 aequitatis
363 1774 534 1805 iubeamur
562 1773 728 1804 ambulare
758 1773 920 1814 vestigiis,
953 1772 1003 1803 his
1033 1775 1141 1803 tamen
1171 1771 1285 1802 diebus
1310 1771 1340 1801 in
1365 1770 1562 1801 domicilium
1589 1769 1720 1811 pietatis
1746 1769 1814 1799 iure

161 1826 378 1863 deflectimus,
408 1829 443 1856 ut
472 1825 512 1856 ad
542 1825 780 1867 redemptorem
812 1825 953 1856 omnium
982 1823 1181 1855 remissionis
1212 1823 1329 1854 itinere
1354 1822 1527 1864 pervenire
1552 1821 1727 1863 possimus,
1774 1831 1815 1850 ex

161 1879 222 1909 hac
247 1878 333 1909 enim
357 1878 473 1909 virtute
498 1877 706 1908 suavissimos
730 1877 854 1908 fructus
879 1876 1017 1918 legimus
1041 1878 1074 1906 et
1097 1874 1292 1906 remittendo
1318 1875 1390 1905 aliis
1411 1874 1505 1905 nobis
1522 1874 1692 1915 parcimus.
1740 1883 1813 1903 nam

161 1930 215 1972 qui
238 1930 420 1971 periculose
445 1930 519 1960 iusti
545 1940 666 1964 sumus,
692 1929 750 1960 sub
776 1929 951 1959 securitate
978 1938 1108 1969 semper
1131 1927 1340 1968 ignoscimus.
1387 1929 1587 1967 quapropter
1611 1935 1732 1966 poenas
1758 1924 1813 1955 ab-

161 1982 314 2017 dicimus.
347 1985 508 2013 tormenta
538 1981 729 2012 damnamus
754 1983 786 2011 et
809 1984 886 2011 tunc
911 1990 985 2011 vere
1010 1979 1133 2010 iudices
1159 1989 1279 2009 sumus.
1325 1978 1448 2015 Macteq
1482 1977 1697 2018 indulgentia.
1732 1987 1814 2018 quae
1834 1983 1858 2001 30
1879 1977 1897 2005 2

162 2034 259 2064 solvis
289 2037 321 2065 et
350 2034 531 2075 praesules.
577 2036 610 2064 tu
640 2036 775 2074 patrona
802 2032 934 2063 humani
964 2032 1109 2073 generis,
1142 2035 1175 2062 tu
1206 2030 1333 2061 afflictis
1358 2030 1454 2061 rebus
1480 2029 1606 2060 medica
1630 2028 1814 2070 singularis.

163 2085 234 2127 quis
270 2089 324 2116 tuo
359 2096 422 2116 non
459 2088 554 2126 egeat
588 2095 738 2119 munere,
775 2095 847 2115 cum
879 2085 919 2115 sit
950 2094 1087 2126 peccare
1121 2086 1314 2114 commune?
1365 2083 1405 2113 ab
1437 2082 1600 2113 universis
1630 2080 1816 2111 necessario

162 2137 298 2179 peteris,
331 2137 458 2179 quando
484 2137 543 2168 sub
568 2140 599 2167 te
625 2147 700 2178 spes
725 2137 810 2167 vitae
836 2136 989 2174 sumitur,
1020 2146 1102 2177 quae
1128 2135 1187 2166 sub
1211 2135 1335 2166 iustitia
1359 2145 1421 2165 non
1448 2133 1594 2164 habetur.
1641 2143 1715 2164 nam
1740 2132 1814 2163 dum

266 2275 553 2309 BZNKE(F9H(GI)=
571 2276 597 2300 la·
616 2280 665 2301 tres
684 2285 731 2301 0712.
751 2285 788 2308 ep.
802 2275 835 2300 39

268 2363 280 2388 1
305 2363 483 2397 numerositas]
513 2364 669 2388 unium-sitas
693 2363 715 2386 Α
822 2362 966 2394 spectaliter
989 2362 1015 2385 E
1118 2360 1228 2393 constat]
1257 2369 1278 2385 c.
1302 2369 1356 2385 esse
1376 2360 1408 2391 E,
1435 2368 1489 2384 esse
1514 2368 1534 2384 c.
1554 2360 1582 2384 F
1717 2358 1733 2382 2
1758 2357 1815 2389 nisi]

164 2416 213 2432 non
234 2407 262 2431 K
347 2406 458 2439 quando]
479 2408 599 2439 quoniam
620 2407 642 2430 A
767 2405 782 2429 3
801 2404 874 2438 aliae]
894 2406 935 2430 alii
956 2405 1076 2429 ZNE²F
1195 2403 1211 2429 4
1230 2405 1326 2429 iudicia
1345 2403 1444 2427 KE2F
1562 2403 1577 2427 ὦ
1597 2403 1637 2426 hic
1658 2403 1683 2426 Ε
1769 2402 1816 2426 suit

164 2459 212 2475 om.
232 2450 255 2474 A
335 2459 394 2475 sues
413 2449 542 2483 penderet]
563 2450 729 2482 suspenderet
747 2449 833 2474 E¹F²
913 2448 951 2481 ut]
971 2453 1008 2474 est
1027 2450 1094 2481 quod
1114 2449 1167 2473 EF
1245 2447 1344 2480 bruttii]
1366 2448 1399 2477 K,
1417 2448 1495 2472 brutii
1515 2446 1600 2477 EFA,
1620 2447 1724 2470 brutum
1744 2445 1822 2469 ΒΖΝ

165 2494 181 2518 G
198 2493 285 2526 boum]
306 2494 400 2518 bonum
423 2494 462 2517 ΕΙ
586 2492 600 2517 7
620 2502 707 2518 eorum
728 2493 757 2517 N
874 2492 890 2517 8
909 2493 1032 2517 haberent
1052 2492 1107 2516 ΒΚ
1192 2501 1262 2516 roma
1281 2491 1306 2515 B
1393 2491 1496 2522 quando
1515 2490 1539 2514 B
1662 2488 1677 2513 9
1697 2489 1816 2513 uideban-

164 2540 205 2561 tur
225 2537 253 2561 K
308 2535 451 2569 itineribus]
471 2537 620 2561 muneribus
642 2536 743 2561 KEFA
834 2535 866 2560 lO
884 2544 949 2568 quae
968 2544 1015 2560 σπι.
1036 2535 1064 2559 K
1114 2533 1298 2567 probabantur]
1318 2534 1350 2565 B,
1370 2535 1511 2567 probantur
1528 2532 1679 2557 ZXKEFA
1734 2532 1817 2556 decre-

164 2579 242 2612 scere]
262 2581 396 2605 decernere
416 2580 441 2604 1«)
546 2579 574 2604 11
594 2588 659 2611 quae
678 2588 701 2603 11.
723 2580 747 2603 it.
769 2579 920 2604 muniuntur
939 2588 963 2603 n.
981 2579 997 2604 l.
1017 2579 1168 2603 sauciantur
1188 2578 1210 2602 A
1319 2577 1349 2602 13
1369 2582 1429 2602 sunt
1450 2577 1521 2601 A’aF
1624 2575 1655 2600 14
1674 2579 1718 2600 tua
1732 2584 1779 2599 0111„
1795 2575 1817 2598 A

217 2624 363 2656 procui-anit
382 2624 440 2648 libri
538 2623 569 2647 15
588 2622 659 2655 meis]
680 2623 705 2646 in
725 2623 760 2646 eis
774 2622 826 2646 ΖΝ
915 2622 947 2647 16
966 2626 990 2647 et
1009 2631 1055 2646 om.
1071 2622 1098 2646 F
1156 2620 1306 2653 studuerim]
1322 2621 1353 2651 B,
1372 2621 1514 2645 studuerint
1529 2619 1680 2643 ZNKEFA
1745 2618 1779 2642 nil
1794 2617 1815 2641 A

167 2665 197 2691 17
217 2665 276 2698 illis]
296 2666 351 2691 aliis
370 2665 423 2690 EF
501 2665 626 2698 priuatus]
647 2674 682 2698 pr.
703 2667 800 2690 fueram
820 2665 864 2688 Na
984 2664 1016 2690 18
1036 2664 1144 2698 praefui]
1165 2665 1197 2695 B,
1217 2666 1299 2698 profui
1319 2664 1470 2688 ZNKEFA
1555 2664 1626 2687 uisus
1645 2663 1691 2687 sim
1712 2662 1773 2685 meis
1794 2661 1817 2684 ,1

165 2708 199 2734 20
217 2717 316 2734 amores
330 2709 373 2733 Ba
466 2707 497 2732 ⁴21
518 2709 598 2733 minui
613 2708 664 2732 Im
755 2707 788 2732 ‘22
808 2708 872 2740 larg.
891 2716 942 2740 reg.
957 2708 1011 2732 EF
1099 2707 1133 2733 ⁶23
1152 2706 1294 2740 crementis]
1315 2708 1446 2732 elementis
1463 2707 1511 2731 lm
1600 2705 1633 2729 5.)ss
1653 2705 1700 2729 hiis
1714 2703 1821 2728 NKEF

165 2750 198 2776 27
217 2752 341 2777 flectimus
361 2752 409 2782 Za,
428 2752 584 2776 deflectimur
603 2750 693 2781 FGlJ,
712 2751 837 2776 flectimur
856 2750 907 2781 Εἰ,
925 2751 973 2775 inc.
990 2751 1033 2775 Ga
1130 2750 1163 2775 28
1183 2751 1242 2776 uirt.
1261 2759 1301 2775 en.
1322 2750 1359 2774 E*
1443 2748 1477 2773 29
1496 2757 1594 2780 semper
1613 2756 1660 2771 om.
1678 2746 1714 2770 E*
1775 2747 1817 2770 :id-

166 2795 274 2820 dicimus
293 2794 391 2825 HGal,
409 2795 558 2819 abdicamus
580 2795 602 2819 Α
704 2793 739 2819 30
757 2793 830 2826 quae]
851 2803 902 2826 qua
919 2794 946 2818 E
1040 2793 1071 2818 31
1092 2793 1180 2826 soluis]
1201 2794 1280 2818 solius
1302 2793 1354 2817 ΚΕ
1359 2793 1406 2822 ¹H,
1424 2792 1493 2816 soliis
1514 2791 1555 2821 Il),
1574 2791 1642 2815 solus
1663 2789 1702 2813 Iw
1768 2798 1816 2813 me-

166 2837 260 2862 diocria
282 2838 304 2860 A
409 2836 442 2861 33
461 2837 573 2870 quando]
594 2838 715 2870 quoniam
736 2837 809 2862 ΗΘ]
876 2838 936 2862 dum
955 2836 1023 2870 eum]
1044 2838 1142 2870 scripsi,
1161 2838 1220 2862 dum
1241 2836 1422 2861 BZNIIGIA.
1441 2844 1498 2860 cum
1521 2834 1552 2864 K,
1574 2842 1620 2858 om.
1645 2832 1694 2856 EF

275 2882 458 2909 Qsmononvs.
1630 2879 1663 2905 45
