2279 3261
457 180 528 206 LXX
1168 176 1394 203 PROOEMIVM.

456 275 653 306 inveniuntur
681 278 711 304 et
738 284 807 304 oum
836 272 961 314 reliquis
990 272 1077 303 libris
1100 275 1227 313 quartae
1250 272 1358 303 classis
1382 271 1585 303 deterioribus
1609 271 1691 302 hunc
1714 282 1837 313 quoque
1859 272 2101 304 secundicerium

456 338 695 377 occupaverunt,
724 344 759 364 ea
787 332 826 363 ad
849 332 1141 363 contaminationem
1166 331 1437 364 demonstrandam
1461 343 1654 374 nequaquam
1678 332 1843 363 sufficiunt.
1888 337 1920 364 at
1942 333 2003 364 iam
2026 333 2103 364 liber

456 395 494 425 K
518 406 587 425 cum
616 394 676 425 alia
703 392 879 424 communia
907 392 999 423 habet
1026 403 1096 423 cum
1124 392 1257 434 epitome
1285 397 1351 423 tum
1383 403 1443 423 11110
1471 397 1551 423 certe
1579 393 1647 423 loco
1671 393 1799 431 302,15
1828 393 1913 424 iuxta
1941 393 2046 435 posuit
2074 398 2103 424 et

456 465 528 485 suae
562 454 669 485 classis
704 453 864 484 lectionem
895 456 926 483 et
953 456 1094 494 quartae3
1132 452 1243 483 deinde
1272 457 1334 483 tam
1363 452 1402 483 N
1422 464 1514 494 quam
1543 452 1608 483 EF
1636 463 1706 483 011111
1737 464 1754 483 a
1785 452 1885 494 prima
1914 464 2006 484 manu
2037 458 2102 484 tum

455 514 547 545 etiam
577 514 674 555 magis
702 514 741 544 ab
769 512 983 544 emendatione
1010 512 1103 544 modo
1126 513 1242 544 similes
1266 512 1490 554 dittographias
1514 512 1659 544 exhibent
1689 514 1773 551 (247,
1790 514 1819 544 6.
1849 514 1920 551 249,
1937 516 1982 551 6),
2011 513 2104 544 modo

455 579 484 605 et
512 574 635 616 saepius
659 573 783 615 quidem
811 573 939 615 expulsa
968 584 1041 604 snae
1065 573 1173 604 classis
1197 573 1349 614 scriptura
1373 572 1452 603 hanc
1474 576 1661 614 receperunt.
1709 571 1861 603 eiusmodi
1884 573 2104 604 contaminatio

456 646 516 665 non
546 645 608 664 uno
636 639 704 665 actu
736 633 870 676 perfect-a
893 632 1016 665 videtur
1038 644 1118 671 esse,
1147 632 1202 663 sed
1225 632 1406 664 continuata
1428 643 1483 674 per
1505 632 1632 674 longum
1655 637 1791 674 tempus,
1823 637 1857 663 ut
1880 633 1929 664 vel
1952 632 2035 675 apud
2059 633 2105 664 in-

456 695 543 726 fimae.
567 694 676 725 aetatis
700 694 913 736 pessimosque
936 698 1038 731 testes,
1061 693 1166 735 quales
1190 697 1262 724 sunt
1284 692 1381 724 codex
1403 692 1665 734 Guelferbytanus
1689 697 1719 724 et
1741 692 1892 724 editiones
1912 693 2105 724 Aecursiana

455 760 485 786 et
500 755 698 794 Forneriana,
721 755 847 796 quintae
870 754 979 786 elassis
1003 754 1149 785 lectiones
1173 758 1332 795 emergant
1354 753 1385 784 in
1408 753 1496 785 libris
1520 753 1698 784 melioribus
1720 765 1781 785 non
1804 753 1955 785 inventae.
1993 758 2105 785 temere

456 820 556 846 autem
580 815 696 846 librarii
721 814 760 846 ad
785 826 880 845 unum
904 826 1009 845 omnes
1034 814 1065 845 in
1088 826 1124 845 ea
1147 826 1179 845 re
1204 814 1318 845 versati
1342 818 1414 845 sunt
1435 813 1606 845 secundum
1627 813 1881 845 consuet-udinem
1906 814 1970 845 eius
1987 815 2106 853 aetatis,

455 876 570 906 50111001
594 875 678 906 nullo
702 874 879 906 discrimine
903 875 1021 916 aliquot
1044 875 1141 906 bonas
1165 874 1326 913 lectiones,
1349 874 1452 916 plures
1476 878 1635 916 corruptas
1660 885 1697 905 ex
1720 874 1816 905 altero
1840 875 2008 917 exemplari
2031 875 2106 906 arri-

455 936 574 978 pientes
597 940 627 966 et
649 940 762 967 temere
784 940 935 977 ponentes
959 936 1027 974 alia,
1051 936 1112 966 alia
1134 940 1370 977 praetereuntes.
1414 947 1466 966 eas
1489 935 1636 966 lectiones
1659 935 1712 977 qui
1736 935 1927 966 admiserunt
1949 936 1987 967 iis
2004 940 2105 967 utrum

455 997 545 1039 eopia
573 997 664 1027 fuerit
691 997 874 1039 exemplaris
906 997 1059 1039 epitomae
1082 1008 1122 1028 an
1145 1008 1225 1028 unus
1249 997 1365 1028 alterve
1387 1008 1493 1028 eorum
1517 1007 1589 1038 prae
1613 996 1748 1037 epitoma
1771 995 1947 1027 adhibuerit
1969 996 2105 1027 codicem

455 1057 590 1099 quinque
605 1057 754 1088 librorum
771 1062 995 1099 postremorum
1012 1058 1114 1097 talem,
1130 1058 1253 1100 qualem
1270 1059 1336 1100 ipse
1352 1058 1537 1100 epitomator
1551 1057 1722 1099 usurpavit,
1739 1068 1798 1088 non
1813 1057 1911 1088 audeo
1924 1057 2106 1088 diiudicare:

456 1117 509 1148 sed
538 1122 663 1159 propter
691 1117 769 1148 hane
792 1129 917 1148 eausam
941 1118 1090 1148 librorum
1115 1118 1216 1148 NEF
1235 1118 1395 1149 lectionem
1420 1117 1539 1148 variam
1563 1122 1593 1148 et
1617 1117 1715 1159 ipsam
1740 1116 1865 1155 admisi,
1894 1129 1963 1148 011111
1986 1118 2106 1160 possint

456 1178 486 1208 in
509 1189 545 1208 ea
568 1177 649 1208 bona
672 1177 824 1220 quaedam
848 1178 941 1209 latere
965 1178 995 1208 in
1019 1178 1196 1220 epitomatis
1221 1189 1282 1209 non
1306 1177 1473 1209 redeuntia.

1040 1393 1171 1426 Classis
1195 1393 1299 1425 sexta
1321 1393 1346 1426 l.
1370 1393 1521 1425 I-XII.

566 1478 695 1509 Sextum
725 1478 873 1510 librorum
903 1478 1043 1510 ordinem
1072 1490 1143 1509 eum
1167 1478 1310 1517 fecimus,
1344 1479 1396 1521 qui
1420 1479 1557 1510 continet
1580 1479 1736 1510 variarum
1759 1478 1855 1510 libros
1879 1479 1950 1510 XII
1974 1480 2108 1521 integros

457 1539 521 1569 suis
550 1539 684 1570 numeris
717 1543 893 1570 numeratos
926 1544 956 1570 et
986 1539 1016 1570 in
1047 1540 1226 1572 universum
1259 1544 1340 1571 recte
1370 1539 1538 1571 ordinatos.
1592 1539 1690 1570 redire
1720 1539 1842 1570 codices
1874 1551 1926 1570 005
1958 1540 1996 1571 ad
2027 1540 2109 1571 idem

457 1600 626 1641 exemplar,
653 1600 743 1631 nobis
770 1602 807 1639 (1),
831 1611 937 1631 omnes
961 1599 1101 1642 pluribus
1126 1600 1223 1641 signis
1248 1600 1442 1641 intellegitur.
1487 1604 1590 1642 potest
1612 1611 1648 1631 eo
1672 1600 1774 1631 referri
1799 1600 1847 1632 vel
1871 1601 1937 1643 ipse.
1959 1601 2107 1632 librorum

457 1671 601 1691 numerus
625 1661 771 1702 antiquus
795 1660 955 1691 restitutus
963 1672 969 1698 ;
1001 1672 1072 1692 nam
1095 1672 1281 1703 quamquam
1312 1662 1337 1692 is
1366 1661 1406 1692 ad
1429 1661 1554 1692 secundi
1579 1661 1696 1692 ordinis
1720 1660 1874 1692 adiunctis
1897 1661 1998 1703 quarti
2021 1662 2108 1693 libris

458 1725 567 1762 sponte
595 1721 739 1759 efficitur,
770 1726 800 1751 et
828 1721 870 1752 ita
899 1721 1049 1763 reperitur
1077 1721 1204 1753 effectus
1234 1722 1264 1753 in
1293 1722 1379 1753 libris
1404 1722 1505 1764 qualis
1528 1726 1574 1752 est
1598 1733 1635 1752 ex
1659 1722 1773 1752 nostris
1798 1722 1836 1752 K
1854 1726 1883 1752 et
1905 1726 1976 1753 sunt
2001 1722 2052 1753 alii
2078 1722 2108 1752 in

458 1781 587 1811 classem
616 1781 783 1812 secundam
814 1793 830 1812 a
860 1782 949 1812 nobis
979 1782 1065 1813 relati
1096 1787 1130 1813 ut
1154 1782 1330 1814 Vaticanus
1355 1784 1416 1815 580
1445 1787 1475 1813 01
1499 1782 1641 1815 Venetus
1665 1782 1699 1813 II
1717 1784 1757 1814 22
1787 1782 1871 1813 nulla
1901 1794 1932 1813 re
1964 1783 2108 1824 insignes,

458 1841 573 1871 librarii
599 1841 632 1878 ii,
662 1841 699 1872 110
722 1841 835 1883 quibus
859 1841 959 1872 adhuc
982 1842 1117 1883 egimus,
1147 1853 1215 1873 raro
1239 1841 1271 1873 id
1294 1841 1432 1873 adsecuti
1457 1848 1542 1881 511111,
1566 1854 1635 1873 011111
1659 1854 1674 1873 0
1698 1843 1851 1873 0001111110
1874 1847 1977 1873 sextae
2000 1843 2108 1874 01115515

457 1901 526 1932 libri
560 1906 680 1943 praeter
710 1913 825 1944 paueos
855 1902 950 1933 infimi
981 1902 1039 1933 loci
1071 1903 1163 1944 plane
1194 1903 1390 1944 perturbatos
1423 1903 1586 1934 duodecim
1616 1903 1711 1934 libros
1740 1914 1845 1934 omnes
1869 1908 2042 1940 numerent,
2074 1907 2109 1934 nt

458 1962 702 1994 numerationem
726 1974 848 2004 quoque
872 1962 1038 1994 verisimile
1061 1963 1101 1993 sit
1124 1974 1162 1993 ex
1185 1963 1351 2005 archetypo
1374 1963 1536 2005 proficisci.

566 2022 688 2053 Deinde
712 2022 803 2053 huius
827 2022 944 2054 ordinis
968 2022 1090 2053 00111005
1114 2034 1277 2054 commune
1300 2024 1361 2054 fere
1384 2024 1497 2055 habent
1521 2024 1765 2056 additamentum
1789 2024 1990 2066 epistularum
2011 2024 2109 2066 Apol-

459 2082 564 2113 linaris
589 2082 709 2114 Sidonii
733 2084 840 2121 trium,
873 2083 991 2114 scilieet
1014 2083 1030 2113 I
1048 2084 1066 2115 8
1091 2084 1219 2114 Morari
1241 2094 1300 2122 me,
1332 2084 1510 2126 inscriptam
1534 2084 1713 2115 Eleutherio
1740 2088 1828 2126 (qnae
1855 2085 2014 2127 inscriptio
2039 2096 2108 2116 vere

460 2143 591 2184 pertinet
616 2143 655 2174 ad
680 2154 746 2174 eam
770 2154 848 2185 quae
871 2143 1011 2185 sequitur
1033 2144 1064 2174 in
1089 2143 1338 2183 Cassiodoranis)
1364 2164 1401 2167 ——
1425 2145 1478 2177 VI
1498 2147 1533 2177 11
1560 2145 1714 2176 Iudaemn
1740 2146 1919 2187 inscriptam
1944 2145 2109 2187 Agricolae

460 2206 547 2244 (quae
575 2203 734 2245 inscriptio
758 2204 900 2235 similiter
922 2204 1053 2245 pertinet
1077 2203 1117 2234 ad
1140 2215 1207 2234 01101
1231 2215 1309 2246 quae
1332 2204 1363 2235 in
1387 2204 1434 2235 his
1458 2205 1546 2235 libris
1570 2205 1716 2247 sequitur)
1741 2225 1778 2228 —
1804 2205 1821 2236 I
1837 2207 1855 2237 2
1881 2206 2108 2245 Saepmzmmro

460 2263 651 2304 bipertitam,
683 2264 861 2306 inscriptam
891 2264 921 2294 in
950 2268 1037 2306 parte
1066 2264 1167 2306 priore
1194 2264 1322 2304 epistola
1352 2265 1388 2295 dc
1417 2264 1520 2303 forma
1546 2265 1731 2296 Theoderici
1758 2266 1850 2305 reyis,
1884 2265 1916 2296 in
1938 2265 2108 2308 posteriore

461 2327 487 2362 (a
511 2324 613 2354 verbis
630 2324 666 2354 Si
681 2325 832 2355 astionem
854 2324 894 2355 ib.
911 2336 935 2356 0.
952 2325 971 2355 4
988 2326 1060 2366 seq.)
1076 2324 1255 2366 inscriptam
1273 2325 1402 2363 ‹pistola
1418 2325 1454 2356 de
1471 2326 1647 2356 aetianam
1664 2325 1764 2365 ipsum
1780 2326 1914 2357 (liumus.
1955 2326 2110 2363 lectiones,

460 2395 537 2424 quae
571 2384 710 2425 proxime
738 2384 887 2415 accedunt
917 2384 956 2415 ad
987 2385 1194 2427 Luetjohanni
1226 2385 1363 2416 codicem
1393 2385 1608 2417 Matritenseni
1642 2385 1678 2424 C,
1712 2386 1910 2417 memorabile
1944 2386 2107 2428 quicquam

462 2455 520 2473 non
552 2444 673 2475 habent.
725 2456 831 2476 verum
865 2450 911 2476 est
941 2444 1111 2476 Sidoniana
1139 2445 1214 2476 haee
1244 2457 1419 2488 comparere
1447 2447 1539 2478 ctiam
1569 2447 1599 2477 in
1627 2446 1835 2478 Laurentiano
1865 2446 2044 2478 Strozziauo
2068 2448 2108 2478 23

461 2515 538 2534 sace.
562 2504 650 2534 XIII
686 2505 768 2545 (eum
799 2504 929 2536 adscelis
963 2506 1028 2537 eius
1058 2506 1204 2538 Laurent.
1233 2508 1283 2545 53,
1302 2509 1341 2538 22
1372 2512 1403 2538 01
1431 2507 1588 2540 Vaticano
1618 2507 1728 2539 Urbin.
1752 2507 1822 2549 85),
1857 2507 1928 2538 110111
1964 2507 1994 2538 in
2025 2507 2109 2538 Lon-

462 2565 591 2596 diniensi
616 2577 645 2596 11.
663 2567 776 2604 loeas,
800 2566 942 2598 Parisino
959 2569 1051 2605 2191,
1074 2567 1216 2599 Romano
1239 2568 1432 2609 Angelicano
1451 2570 1541 2605 1855,
1565 2567 1723 2599 Vaticano
1741 2568 1832 2605 7:301,
1856 2567 1980 2599 Veneto
2002 2567 2038 2598 Π
2057 2568 2109 2605 19;

462 2625 572 2656 absunt
597 2638 632 2656 ea
654 2638 670 2656 e
694 2627 846 2657 contrario
869 2627 908 2658 ab
932 2627 1022 2658 huius
1046 2627 1163 2658 ordinis
1186 2628 1273 2659 libris
1297 2628 1484 2670 quibusdam
1506 2628 1664 2660 Vaticano
1688 2628 1810 2669 reginae
1832 2639 1861 2658 n.
1880 2629 1939 2660 148
1962 2632 1991 2658 et
2016 2627 2109 2660 Vati-

462 2686 546 2716 0111115
563 2686 784 2718 Ottobonianis
801 2687 923 2718 duobus
944 2690 1012 2720 174.
1036 2690 1097 2721 :335
1121 2693 1152 2719 et
1168 2688 1410 2720 Vratislaviensi
1427 2689 1443 2719 I
1460 2689 1494 2719 F
1508 2690 1576 2721 159.
1615 2688 1814 2719 nihilominus
1838 2687 1925 2730 quasi
1949 2687 2108 2729 proprium

462 2751 505 2776 051
537 2746 662 2777 huiusce
690 2746 820 2785 ordinis,
851 2747 933 2789 1111011
957 2749 1022 2779 eius
1046 2749 1116 2780 libri
1141 2749 1233 2779 etiam
1258 2750 1366 2791 optimi
1391 2750 1455 2780 EF
1476 2748 1661 2779 Sidoniauas
1685 2748 1835 2790 epistulas
1857 2752 2014 2789 tamquam
2038 2747 2107 2778 libri

462 2805 634 2837 duodecimi
660 2819 705 2848 ep.
722 2809 847 2839 *go-:32
873 2808 902 2838 in
927 2808 1066 2839 ordinem
1090 2814 1269 2852 receperunt
1292 2808 1429 2850 adeoque
1453 2809 1483 2839 in
1508 2808 1688 2839 laterculum
1711 2820 1762 2839 eas
1787 2808 1973 2839 rettulerunt.
