2279 3261
430 858 452 874 lo

390 954 408 982 [ὑ

431 1374 454 1391 20

400 2022 405 2049 Ι
433 2026 456 2043 Ru

395 2176 413 2204 [ὁ

473 176 512 205 gg
1191 166 1403 193 oAsstoai

472 259 609 290 iudicem
634 257 797 300 provincia
819 257 908 286 fessa
933 255 1100 295 suscipiat.
1132 254 1258 294 qualem
1282 253 1464 283 Romanum
1488 252 1666 293 principem
1690 252 1904 282 transmisisse
1930 255 2114 293 cognoscat.

471 310 634 341 desiderat
657 309 743 339 viros
769 307 919 347 egregios
945 310 1059 336 coacta
1084 305 1230 335 cladibus
1255 305 1331 335 suis.
1378 304 1471 334 effice
1501 307 1536 334 ut
1565 304 1684 334 victam
1713 303 1813 334 fuisse
1839 303 1990 335 delectet.
2037 304 2116 334 nihil

472 362 535 392 tale
566 361 698 393 sentiat,
728 359 822 400 quale
847 357 1045 399 patiebatur.
1076 367 1147 386 cum
1173 356 1307 386 Romam
1332 358 1512 396 quaereret.
1557 355 1714 386 abscedat
1738 355 1840 385 omnis
1865 354 1904 385 de
1930 355 2114 386 calamitate

471 413 613 443 tristitia:
645 413 813 441 serenetur
836 408 967 439 tandem
992 408 1121 438 nubilus
1146 408 1265 438 vultus.
1312 417 1396 437 nunc
1420 407 1507 437 illam
1531 406 1672 447 gaudere
1698 407 1864 445 convenit,
1896 417 1967 437 cum
1992 406 2033 437 ad
2057 417 2116 437 sua

473 467 547 494 vota
572 462 730 504 pervenit.

1244 552 1353 584 XVII.

816 622 1059 654 UNIVERSIS
1090 620 1475 652 PROVINCIALIBUS
1506 620 1771 652 GALLIARUM

1071 672 1391 704 THEODERIOUS
1416 672 1518 703 REX.
2008 701 2038 720 a.
2057 691 2118 720 503

574 745 732 775 Libenter
762 742 942 785 parendum
974 745 1023 772 est
1053 741 1218 772 Romanae
1251 741 1494 774 consuetudini,
1534 741 1586 772 cui
1619 742 1697 772 estis
1732 744 1806 783 post
1840 741 1937 782 longa
1972 745 2119 782 tempora

472 798 625 829 restituti.
664 797 738 837 quia
777 796 820 825 ibi
860 804 1029 835 regressus
1067 797 1116 824 est
1154 796 1283 834 gratus.
1323 792 1379 823 ubi
1417 795 1606 834 provectum
1643 795 1768 823 vestros
1805 796 1930 823 constat
1965 793 2118 824 habuisse

472 849 618 880 maiores.
659 851 754 888 atque
780 847 853 877 ideo
879 847 909 876 in
935 846 1098 887 antiquam
1123 846 1306 876 libertatem
1331 845 1392 875 deo
1417 848 1604 886 praestante
1627 845 1769 876 revocati
1792 845 1955 876 vestimini
1977 844 2118 876 moribus

473 901 604 941 togatis.
637 900 746 930 exuite
778 899 979 931 barbariem.
1014 898 1133 928 abicite
1164 898 1319 928 mentium
1351 897 1590 932 crudelitatem.
1624 897 1698 937 quia
1730 897 1789 927 sub
1821 897 1985 938 aequitate
2016 896 2119 927 nostri

472 951 626 992 temporis
662 962 724 981 non
756 961 812 980 vos
850 950 945 980 decet
977 950 1083 980 vivere
1118 949 1262 979 moribus
1296 949 1421 980 alienis.
1475 948 1612 979 Proinde
1647 948 1685 979 de
1719 948 1972 979 necessitatibus
2004 949 2119 979 vestris

471 1004 582 1034 innata
613 1002 705 1033 nobis
736 1001 986 1032 mansuetudine
1019 1001 1214 1041 cogitantes.
1250 1000 1334 1041 quod
1365 1000 1506 1031 feliciter
1536 1000 1656 1031 dictum
1688 1001 1742 1031 sit.
1775 1000 1986 1041 spectabilem
2016 1000 2119 1030 virum

472 1054 672 1089 Gemellum.
708 1053 861 1084 vicarium
897 1053 1152 1094 praefectorum,
1188 1052 1250 1083 fide
1286 1052 1378 1083 nobis
1414 1056 1446 1082 et
1479 1052 1638 1083 industria
1672 1052 1917 1094 comprobatum
1954 1052 1994 1083 ad
2030 1062 2118 1083 com-

444 1120 452 1129 1
472 1106 654 1148 ponendam
686 1105 885 1147 provinciam
918 1104 1113 1135 credidimus
1146 1104 1364 1145 dirigendum:
1401 1107 1570 1145 sperantes
1602 1105 1634 1134 in
1666 1104 1753 1134 nullo
1786 1114 1859 1134 eum
1891 1114 1986 1145 posse
2017 1104 2119 1135 delin-

477 1169 591 1199 quere.
623 1157 676 1198 qui
709 1157 801 1187 nobis
833 1160 1007 1198 peccantes
1037 1156 1178 1196 graviter
1209 1156 1369 1196 intellegit
1400 1155 1581 1196 displicere.
1629 1155 1834 1197 Quapropter
1863 1155 2119 1187 ordinationibus

473 1210 541 1241 eius
570 1221 610 1240 ex
641 1210 758 1240 nostris
788 1208 984 1239 iussionibus
1014 1207 1178 1241 oboedite.
1212 1207 1286 1248 quia
1317 1218 1389 1237 eum
1421 1207 1582 1238 credimus
1613 1207 1704 1238 vobis
1734 1207 1903 1249 profutura
1933 1207 2119 1239 decernere.

473 1262 604 1302 recipite
634 1261 790 1302 paulatim
824 1260 975 1291 iuridicos
1007 1270 1124 1290 mores.
1177 1270 1240 1290 non
1272 1259 1313 1289 sit
1344 1260 1470 1290 novitas
1500 1259 1651 1295 molesta.
1688 1270 1770 1300 quae
1800 1259 1903 1301 proba
1933 1262 1991 1290 est.
2044 1259 2119 1300 quid

473 1314 557 1344 enim
583 1316 689 1355 potest
714 1324 785 1343 esse
810 1312 937 1343 felicius
968 1322 1063 1352 quam
1093 1311 1241 1342 homines
1272 1311 1310 1341 de
1341 1311 1418 1341 solis
1448 1311 1574 1352 legibus
1604 1311 1765 1342 confidere
1794 1314 1826 1341 et
1854 1321 1948 1342 casus
1978 1311 2120 1351 reliquos

474 1376 535 1396 non
561 1365 695 1395 timere?
742 1365 813 1394 iura
838 1364 968 1405 publica
993 1363 1173 1394 certissima
1199 1366 1273 1393 sunt
1297 1362 1458 1393 humanae
1484 1363 1569 1393 vitae
1595 1363 1729 1397 solacia.
1760 1362 1958 1393 infirmorum
1988 1362 2121 1401 auxilia,

477 1419 644 1458 potentum
677 1416 777 1446 frena.
829 1415 947 1445 Amate
980 1414 1066 1445 unde
1102 1418 1133 1445 et
1168 1415 1325 1445 securitas
1356 1415 1443 1444 venit
1474 1418 1506 1444 et
1538 1415 1736 1445 conscientia
1767 1414 1904 1455 proficit.
1957 1414 2122 1455 gentilitas

474 1469 558 1499 enim
583 1468 662 1498 vivit
687 1467 725 1498 ad
750 1468 892 1498 libitum:
925 1466 979 1497 ubi
1005 1466 1109 1507 magis
1143 1470 1277 1496 mortem
1306 1466 1427 1507 reperit
1457 1466 1633 1507 propriam,
1668 1466 1719 1506 qui
1750 1469 1857 1507 potest
1886 1465 2007 1497 habere
2039 1466 2123 1507 quod

473 1521 610 1562 placeat.
657 1530 712 1550 vos
742 1520 804 1550 iam
835 1519 939 1549 securi
968 1522 1130 1549 ostentate
1161 1517 1304 1548 divitias:
1338 1522 1508 1559 parentum
1542 1518 1626 1548 bona
1654 1518 1747 1558 longo
1773 1518 1835 1548 situ
1861 1517 2027 1548 recondita
2050 1528 2122 1559 pro-

472 1572 589 1602 dantur
606 1572 637 1602 in
655 1572 774 1602 lucem:
802 1571 876 1612 quia
894 1574 1018 1600 tantum
1038 1570 1108 1611 quis
1128 1570 1266 1600 nobilior
1283 1570 1343 1599 erit
1368 1574 1522 1610 quantum
1548 1573 1579 1600 ct
1604 1570 1744 1600 moribus
1770 1570 1879 1611 probis
1905 1573 1936 1600 et
1959 1569 2123 1600 luculenta

430 1632 441 1649 ’-’
475 1624 628 1654 facultate
654 1624 822 1654 reluxerit.
870 1622 945 1653 Ideo
972 1623 1055 1653 enim
1087 1621 1177 1652 vobis
1208 1621 1360 1651 vicarium
1391 1622 1616 1662 praefecturae
1647 1621 1838 1654 direximus.
1869 1625 1903 1652 ut
1932 1632 2002 1652 cum
2033 1624 2123 1652 tanta

474 1676 630 1716 dignitate
659 1678 689 1705 et
720 1675 846 1705 civilem
873 1674 1040 1705 videamur
1064 1673 1208 1714 regulam
1241 1673 1435 1704 destinasse.
1483 1673 1632 1704 fruemini
1660 1673 1745 1714 quod
1775 1676 1897 1704 tantum
1927 1673 2122 1704 audiebatis.

474 1727 651 1768 intellegite
677 1727 824 1757 homiues
849 1737 912 1757 non
937 1729 1001 1756 tam
1028 1736 1181 1767 corporea
1205 1725 1235 1755 vi
1260 1736 1355 1766 quam
1381 1726 1504 1756 ratione
1530 1725 1686 1766 praeferri
1704 1728 1737 1755 et
1754 1725 1825 1755 illos
1843 1725 1958 1755 merito
1976 1735 2122 1756 crescere

475 1780 527 1821 qui
553 1782 686 1821 possunt
711 1779 784 1810 aliis
809 1779 893 1809 iusta
918 1782 1095 1819 praestare.

1237 1879 1367 1911 xvnl.

896 1948 1109 1979 GEMELLo
1132 1943 1174 1979 1
1195 1949 1230 1980 s·
1257 1948 1576 1979 Tflconnniees
1601 1948 1702 1979 REX.
1941 1976 1970 1996 α,
1989 1966 2123 2006 50157511

580 2019 745 2049 Merentur
768 2019 862 2052 bona.
889 2019 941 2059 qui
966 2022 1109 2049 nostram
1135 2020 1193 2049 visi
1218 2022 1291 2049 sunt
1316 2019 1457 2059 elegisse
1482 2018 1698 2053 clementiam,
1724 2022 1757 2048 ut
1783 2029 1838 2048 eos
1856 2018 2016 2048 veraciter
2040 2018 2123 2048 iudi-

476 2081 566 2101 casse
597 2081 654 2111 per
684 2074 859 2110 augmenta.
888 2071 1018 2111 propria
1048 2071 1208 2111 possimus
1238 2070 1419 2101 ostendere.
1467 2069 1550 2110 quod
1582 2070 1607 2100 si
1633 2069 1751 2100 talibus
1777 2070 1852 2100 viris
1877 2069 2006 2110 publica
2031 2069 2124 2100 decet

476 2122 615 2163 prospici
641 2122 800 2161 largitate.
830 2125 949 2162 quanto
974 2122 1077 2163 magis
1102 2133 1156 2152 eos
1181 2133 1238 2152 sua
1263 2121 1394 2162 dignum
1420 2125 1467 2152 est
1491 2122 1667 2162 possidere,
1698 2121 1782 2163 quod
1809 2132 1976 2152 commune
2006 2132 2121 2151 munus

476 2174 628 2214 probatur
658 2184 730 2203 csse
761 2173 922 2203 iustitiae?
971 2174 1168 2215 Spectabilis
1199 2174 1307 2215 itaque
1336 2173 1489 2213 Magnus,
1523 2173 1661 2203 hostium
1693 2173 1938 2203 conversatione
1972 2172 2125 2203 damnata

478 2224 562 2265 quod
591 2228 685 2254 natus
716 2228 765 2255 est
795 2225 1025 2264 reminiscens⁷
1055 2225 1095 2255 ad
1120 2225 1303 2256 Romanum
1329 2225 1518 2266 repatriavit
1542 2225 1726 2266 imperium:
1759 2225 1849 2255 cuius
1875 2225 2025 2256 absentia
2049 2235 2123 2255 con-

580 2344 889 2377 11]ssKPJMJNJAJ)EM«)

584 2423 592 2446 l
615 2423 722 2447 iudicem
742 2432 789 2447 (¹711.
805 2424 840 2443 0¹
930 2424 945 2446 L'
965 2424 1087 2447 desideret
1102 2424 1125 2447 Ι)
1177 2424 1312 2447 claudibus
1328 2423 1376 2446 ᾸΙιρι
1462 2423 1478 2446 3
1498 2423 1610 2447 abscidat
1626 2423 1663 2446 L¹
1752 2421 1766 2446 4
1788 2423 1856 2447 illam
1870 2432 1917 2446 0711.
1930 2422 1950 2446 O
2037 2423 2053 2447 5
2073 2432 2125 2455 per<

479 2467 577 2490 uenerit
598 2467 632 2489 Α1Ρ
741 2467 757 2487 1⁸<
781 2475 882 2490 rann-une
904 2467 944 2489 Nl
1055 2466 1069 2490 ξ’
1094 2472 1158 2499 grat.
1184 2467 1216 2490 il).
1241 2475 1305 2498 regr.
1330 2470 1367 2490 est
1389 2465 1545 2489 ,llmXXI-,ll
1617 2470 1714 2490 nostros
1734 2466 1771 2489 Ass
1879 2465 1907 2490 11
1933 2466 2083 2490 eruditatem
2104 2466 2129 2490 P

531 2510 620 2533 nostris
640 2509 794 2540 temporibus
817 2509 847 2534 λ’,
873 2511 949 2533 nostri
970 2515 1081 2542 tempor.
1105 2510 1149 2533 ,1Ιῦ
1258 2510 1287 2534 12
1307 2511 1398 2534 uestris
1417 2518 1465 2533 0111.
1479 2509 1503 2533 B
1610 2509 1639 2533 14
1662 2509 1798 2541 gemellum
1821 2513 1878 2540 ltus!
1904 2509 1952 2533 uic.
1978 2510 2064 2540 repetit
2083 2509 2125 2533 K¹

480 2554 509 2577 lT
536 2554 687 2578 credidimus
707 2554 745 2577 1¹³
849 2554 920 2577 nobis
942 2552 1023 2586 L¹[.²]
1157 2554 1188 2578 IS
1213 2554 1328 2586 respicite
1348 2553 1401 2577 EF
1499 2551 1627 2583 iuridicos]
1654 2553 1771 2576 uiridicos
1792 2552 1846 2580 Jla,
1877 2552 1987 2576 uridieos
2004 2554 2032 2579 U,
2063 2553 2126 2576 ueri-

478 2598 546 2621 ‹licos
568 2597 647 2620 RXE
721 2595 779 2627 non]
804 2601 827 2620 ie
848 2596 871 2619 Ι)
973 2597 1006 2620 110
1030 2598 1165 2620 certissime
1185 2596 1211 2620 E
1318 2596 1349 2619 *21
1376 2594 1450 2627 unde]
1477 2596 1587 2627 undique
1610 2595 1649 2618 La
1757 2594 1789 2618 ’.22
1814 2593 1926 2626 libitum]
1951 2595 2081 2619 libidinem
2101 2595 2129 2619 K

530 2640 611 2671 magis
635 2648 682 2663 om.
698 2639 723 2662 li
797 2648 846 2670 rep.
873 2644 976 2663 nun-tem
998 2640 1034 2663 ⁴[⁸³
1146 2639 1179 2663 123
1206 2638 1289 2671 longo]
1315 2643 1386 2663 tanto
1405 2639 1430 2662 P
1503 2636 1648 2670 prodantur]
1676 2638 1848 2670 producantur
1873 2638 1913 2661 uel
1940 2638 2078 2669 prodantur
2096 2638 2127 2665 P,

478 2684 618 2715 probantur
632 2682 660 2705 ,V
760 2681 792 2705 24
812 2682 867 2705 luce
883 2682 993 2705 MUNX
1059 2682 1114 2714 erit]
1135 2688 1171 2706 est
1186 2683 1223 2706 Ac
1294 2680 1428 2713 quantum]
1449 2690 1526 2713 quam
1541 2684 1562 2705 0
1665 2680 1698 2705 25
1717 2682 1795 2713 praef.
1815 2681 1864 2704 uic.
1879 2681 1916 2704 ,1⁰
2022 2680 2055 2705 26
2074 2689 2124 2713 reg.

479 2727 528 2750 uid.
551 2726 578 2749 K
646 2726 757 2749 fruimini
779 2725 920 2755 JIOXXE,
939 2727 1059 2750 fruamini
1080 2727 1101 2749 Α’1
1207 2724 1239 2749 ⁴37
1260 2726 1302 2750 illo
1321 2727 1341 2749 ί)
1411 2734 1494 2749 cresce
1515 2724 1569 2748 Mt)
1671 2722 1704 2747 ‘25
1725 2724 1818 2755 possim
1837 2723 1887 2747 ΗΝ
1987 2722 2021 2746 30
2039 2731 2126 2747 neren*

479 2774 520 2793 mr
538 2769 561 2792 H
580 2768 678 2794 (errore
703 2768 855 2799 ministraris)
937 2769 1037 2801 eligisse
1061 2769 1085 2792 K
1164 2770 1288 2793 ueraciter
1312 2778 1359 2793 om.
1378 2769 1497 2792 LEK¹P
1607 2767 1638 2791 :ll
1663 2767 1723 2798 quid
1742 2767 1784 2790 K²
1865 2766 1921 2790 talis
1940 2765 1983 2789 Ba
2064 2766 2125 2789 uiris

479 2821 526 2836 um.
540 2812 725 2836 JIONXEFA
780 2812 868 2836 deceat
880 2811 907 2835 E
991 2812 1024 2836 32
1043 2813 1184 2844 prospicere
1199 2814 1238 2836 Oa
1291 2820 1333 2836 eos
1347 2811 1405 2842 (om.
1418 2813 1449 2843 O)
1463 2810 1520 2843 sua]
1541 2819 1583 2835 eos
1596 2819 1644 2835 sua
1661 2819 1703 2835 eos
1715 2810 1753 2834 123¹
1845 2808 1877 2833 34
1895 2809 2069 2834 remumscens
2084 2808 2127 2832 Κ1
