2279 3261
794 195 989 221 VARIARVM
1010 196 1096 226 Vllll,
1118 196 1156 222 17.
1179 198 1217 222 18.
1767 198 1828 228 283

178 281 359 317 vasionem,
394 279 451 310 sub
481 290 544 321 qua
572 291 631 312 nee
660 281 722 312 dici
754 284 864 323 potest
893 282 1031 312 civilitas
1061 293 1121 313 nee
1149 283 1279 318 haberi,
1313 283 1488 313 severitate
1519 283 1626 323 legum
1657 287 1688 314 et
1718 287 1827 314 nostra

179 332 402 373 indignatione
433 331 622 362 damnamus
656 335 852 369 statuentes,
885 336 919 363 ut
952 334 1075 364 sanctio
1104 334 1168 364 divi
1195 335 1416 365 Valentiniani
1429 335 1451 374 ¹)
1482 335 1652 365 adversum
1686 345 1741 365 eos
1775 334 1828 366 diu

179 385 320 426 pessime
349 383 499 424 neglecta
528 388 714 425 consurgat,
749 385 801 426 qui
824 385 959 426 praedia
983 385 1106 416 urbana
1130 386 1180 416 vel
1207 387 1328 416 rustica
1352 386 1506 427 despecto
1532 387 1609 416 iuris
1634 386 1744 417 ordine
1768 397 1826 428 per

179 446 213 467 se
243 446 383 476 suosque
414 437 691 476 praesumpserint
721 437 858 478 expulso
888 448 1078 478 possessore
1102 438 1261 468 violenter
1286 439 1417 468 intrare.
1462 449 1522 468 neo
1548 437 1670 478 aliquid
1695 438 1733 468 de
1758 438 1827 468 eius

179 487 377 519 districtione
408 487 594 518 detestabili
624 489 773 519 volumus
802 490 1038 530 temperatione
1070 490 1225 530 mitigari,
1258 490 1389 530 insuper
1421 489 1579 520 addentes
1610 493 1659 524 ut,
1697 490 1722 519 si
1755 490 1825 530 quis
1858 497 1868 513 ⁵

178 540 393 581 ingenuorum
419 538 458 569 ad
483 539 746 570 satisfaciendum
771 541 836 582 legi
855 542 1002 583 superius
1020 542 1171 573 definitae
1187 543 1323 573 idoneus
1342 553 1405 573 non
1423 542 1570 576 habetur,
1595 542 1829 583 deportationis

178 592 325 633 protinus
350 590 518 621 subiaceat
542 591 670 627 ultioni,
696 593 770 633 quia
795 593 866 635 plus
891 593 1004 624 debuit
1029 595 1172 635 cogitare
1197 595 1267 625 iura
1290 594 1431 636 publica.
1457 594 1509 635 qui
1535 604 1569 624 se
1594 598 1729 624 noverat
1753 594 1828 624 alibi

179 653 243 673 non
270 653 365 684 posse
391 642 551 673 sustinere
576 643 764 674 vindictam.
812 645 935 676 iudices
960 646 1058 686 igitur
1082 650 1321 687 competentes,
1356 645 1394 676 ad
1419 656 1498 686 quos
1522 649 1629 687 potest
1652 645 1829 676 admissum

179 695 304 725 facinus
328 694 508 735 pertinere,
543 695 568 724 si
593 694 791 731 invasorem,
818 707 889 727 cum
914 697 1039 738 possint
1063 708 1228 730 amovere,
1254 698 1444 738 pertulerint
1469 701 1581 728 tenere
1606 701 1826 738 praesumpta,

179 751 212 777 et
235 746 344 787 adepti
369 746 489 787 cinguli
515 746 636 777 honore
661 747 829 787 priventur
854 751 886 778 et
911 748 987 779 fisco
1012 752 1123 778 nostro
1149 752 1273 778 tantum
1296 749 1373 779 fiant
1390 749 1533 783 obnoxii,
1559 753 1714 789 quantum
1733 760 1826 790 prae-

179 802 323 839 sumptor
350 798 510 839 potuisset
538 797 662 831 addici,
692 799 722 828 in
752 800 937 830 auctoribus
962 804 1069 830 tamen
1094 800 1246 830 facinoris
1273 800 1480 831 manentibus
1506 800 1698 830 constitutis.
1745 800 1829 841 quod

179 851 205 881 si
234 850 303 891 quis
335 850 366 880 in
397 853 520 880 tantam
552 853 698 891 raptatus
729 851 901 882 amentiam
931 852 1102 892 tyrannico
1128 852 1241 892 spiritu
1267 852 1327 882 iuri
1353 852 1482 893 publico
1508 862 1621 893 parere
1647 851 1831 893 neglexerit

179 902 365 943 viribusque
394 905 591 944 praepotens
623 901 774 932 destinati
811 903 907 933 officii
939 904 1097 944 spreverit
1128 904 1343 944 paucitatem,
1378 904 1533 934 relatione
1565 904 1679 934 iudicis
1712 904 1829 934 nostris

179 954 311 985 auribus
344 953 497 984 notabilis
529 954 710 994 ingeratur,
746 959 781 984 ut
811 955 935 985 indulta
967 955 1161 985 executione
1193 956 1339 986 saionum
1371 956 1527 986 ultionem
1560 956 1680 986 sentiat
1712 956 1829 996 vigoris

180 1006 274 1046 regii,
309 1006 362 1046 qui
393 1005 544 1036 oboedire
576 1006 679 1036 noluit
708 1007 876 1046 cognitori.
923 1006 965 1037 Et
996 1007 1069 1048 quia
1100 1008 1232 1037 summis
1264 1007 1462 1049 principibus
1497 1008 1574 1038 iuris
1606 1008 1829 1038 communione

179 1057 351 1089 vivendum
376 1060 434 1093 est,
459 1057 484 1087 si
509 1058 580 1098 quis
605 1057 710 1097 legum
737 1058 849 1088 ordine
875 1060 1105 1100 praetermisso
1131 1060 1259 1089 nomine
1285 1060 1414 1100 publico
1441 1060 1551 1090 titulos
1575 1059 1830 1100 praesumpserit

178 1110 230 1141 vel
254 1109 474 1151 praesumpsit
501 1109 644 1150 affigere,
670 1111 701 1139 in
727 1114 850 1140 tantum
876 1110 1054 1152 possidenti
1078 1111 1134 1141 fiat
1159 1111 1330 1147 obnoxius,
1355 1114 1509 1152 quantum
1534 1111 1655 1141 sanctio
1680 1111 1827 1152 superius

178 1165 357 1193 memorata
381 1164 530 1192 testatur.
576 1161 692 1192 merito
718 1162 801 1192 enim
827 1166 859 1192 et
885 1162 1047 1203 sacrilegii
1073 1173 1178 1204 poena
1203 1163 1398 1204 percellitur.v
1425 1163 1477 1204 qui
1502 1163 1609 1204 iniquo
1628 1162 1829 1204 pervasionis

178 1214 320 1256 pondere
350 1224 449 1244 ausus
475 1217 524 1244 est
547 1213 752 1244 maiestatem
777 1214 857 1254 regii
883 1214 1021 1244 nominis
1046 1215 1228 1255 ingravare.
1275 1215 1340 1245 litis
1366 1225 1494 1255 quoque
1520 1225 1682 1255 expensas
1714 1213 1830 1244 iudicio

178 1269 350 1308 superatus
374 1266 533 1303 exsolvat,
558 1266 632 1307 quia
657 1265 730 1296 hinc
756 1265 871 1296 dantur
895 1266 1038 1296 fomenta
1061 1266 1262 1297 detestabilis
1283 1267 1389 1307 iurgii,
1414 1277 1484 1297 cum
1504 1267 1641 1308 improbi
1660 1267 1831 1296 vincuntur

178 1318 297 1355 illaesi,
329 1328 388 1348 uec
417 1317 505 1348 dolet
535 1317 808 1348 calumniantibus
840 1317 973 1359 pudoris
999 1317 1166 1354 damnum„
1200 1319 1225 1348 si
1250 1319 1410 1349 evaserint
1434 1318 1603 1359 dispendia
1628 1319 1830 1349 facultatum.

180 1370 213 1400 Si
250 1370 319 1411 quis
356 1373 463 1400 autem
498 1369 538 1399 de
573 1369 691 1399 nostris
724 1369 849 1399 seriniis
884 1369 1002 1410 aliquid
1037 1370 1211 1401 crediderit
1242 1370 1507 1411 promerendum,
1543 1370 1729 1401 adversario
1762 1380 1830 1407 suo,

178 1425 332 1462 quantum
363 1421 403 1452 ad
434 1431 565 1451 oausam
596 1421 663 1451 eius
693 1421 848 1462 pertinet,
883 1421 920 1451 de
950 1424 1125 1451 consecuta
1153 1422 1237 1452 serie
1266 1421 1444 1452 iussionum
1474 1421 1552 1452 nihil
1577 1422 1727 1452 aestimet
1752 1432 1827 1463 sup—

176 1473 393 1514 primendum:
430 1472 461 1503 ni
496 1472 626 1507 feeerit,
662 1476 771 1503 careat
806 1473 1000 1514 iinpetratis‚
1035 1473 1086 1503 vel
1121 1473 1145 1503 si
1180 1473 1299 1514 aliquid
1335 1484 1377 1504 ex
1413 1484 1450 1504 eo
1484 1484 1580 1514 agere
1612 1475 1831 1515 temptaverit,

176 1525 383 1556 nihilominus
409 1525 568 1555 habeatur
592 1524 763 1559 infirmum,
789 1525 864 1565 quia
890 1524 961 1555 illos
987 1525 1070 1555 solos
1096 1524 1243 1555 volumus
1266 1525 1310 1556 uti
1328 1525 1495 1556 beneficiis
1516 1526 1645 1562 nostris,
1671 1536 1749 1567 quos
1767 1537 1830 1556 non

177 1578 402 1618 cognoscimus
436 1576 566 1607 studere
603 1577 766 1607 versutiis.
818 1576 880 1611 Qui
913 1576 1064 1606 suasione
1098 1576 1273 1618 plectenda
1304 1578 1509 1608 matrimonia
1539 1577 1683 1608 dividere
1716 1578 1829 1608 nititur

177 1630 295 1667 aliena,
324 1629 426 1670 ipsius
452 1629 637 1669 coniugium
664 1628 821 1659 habeatur
845 1628 1007 1658 illicitum:
1038 1632 1073 1658 ut
1098 1629 1201 1669 magis
1227 1629 1402 1670 contigisse
1429 1630 1550 1660 sentiat
1581 1630 1651 1667 sibi,
1682 1629 1767 1670 quod
1796 1630 1827 1659 in

178 1682 280 1712 altero
298 1681 460 1722 malignus
479 1692 635 1712 exercere
654 1681 834 1722 temptavit.
875 1681 943 1711 sive
962 1691 1017 1722 pro
1040 1681 1320 1711 coniunctionibus
1345 1681 1479 1711 caritate
1504 1681 1659 1723 privatur,
1685 1681 1828 1711 futurum

177 1733 223 1764 illi
247 1733 486 1763 matrimonium
510 1733 580 1763 iure
605 1732 819 1773 denegamus,
851 1733 926 1773 quia
951 1743 1013 1763 non
1038 1737 1180 1763 meretur
1204 1733 1323 1774 iugalis
1348 1734 1552 1764 reverentiae
1577 1733 1723 1775 praemia
1753 1744 1828 1764 con-

279 1861 349 1894 D(ll
371 1863 491 1887 facinoris
511 1881 536 1887 ..
551 1882 556 1887 .
571 1881 576 1887 .
599 1861 629 1886 14
649 1862 755 1886 auribus
780 1866 839 1886 nota
865 1863 919 1890 fere
943 1866 1112 1890 ermmcrunt;
1137 1861 1169 1886 29
1188 1862 1213 1885 in
1238 1862 1291 1886 iure
1316 1862 1415 1894 denega
1438 1862 1829 1895 <lexin(OBZNKEOEssffGJ).-

177 1907 203 1930 1ιὶ
221 1911 270 1930 tres
289 1915 335 1930 om.
355 1906 370 1930 ὅ
390 1907 493 1938 insuper
513 1920 543 1922 —
565 1905 594 1929 11
616 1905 761 1929 constitutis
780 1907 841 1936 (pi-n
861 1905 899 1929 leis
918 1909 942 1929 ct
963 1919 993 1922 -
1012 1906 1055 1936 qui
1079 1905 1094 1928 I
1110 1918 1141 1922 —
1162 1906 1238 1937 paulo
1259 1910 1314 1937 post
1332 1906 1437 1935 addidit)
1456 1910 1478 1929 et
1500 1906 1530 1930 Ιῦ
1549 1911 1573 1931 et
1591 1907 1652 1938 quia
1672 1920 1702 1923 —
1722 1907 1827 1930 exoluat

178 1951 239 1981 quia
257 1954 279 1974 et
298 1948 331 1974 2⁶2
350 1950 370 1974 si
389 1951 446 1982 quis
465 1953 550 1974 autem
570 1953 592 1973 et
611 1949 711 1980 reliqua

280 2027 296 2052 2
315 2028 458 2052 ualentiani
472 2027 565 2051 KEJw
664 2025 679 2049 3
699 2024 752 2057 qui]
773 2033 839 2057 quae
854 2025 885 2049 II
943 2026 994 2050 ord.
1014 2026 1061 2050 iur.
1079 2026 1153 2050 HG]
1250 2025 1265 2050 4
1285 2027 1447 2058 presumserit
1460 2026 1501 2050 D¹
1585 2027 1600 2051 ἶ)
1619 2027 1772 2051 destestabili
1786 2027 1828 2051 Ba

177 2070 193 2095 6
211 2069 272 2103 legi]
293 2070 423 2100 KEF2A,
445 2071 508 2103 legis
529 2069 632 2094 DBZX
742 2068 757 2092 (3
776 2067 966 2101 deportationis]
990 2069 1078 2099 KFA,
1106 2068 1268 2101 deporltionis
1296 2069 1334 2099 (in
1353 2070 1461 2094 transitu
1482 2079 1497 2093 (ι
1516 2079 1575 2101 pass.
1595 2070 1630 2094 acl
1647 2070 1782 2101 passimam)
1803 2068 1828 2092 Ῑ)

177 2118 200 2138 et
217 2114 252 2138 εἰσ
271 2113 372 2138 ΒΖΝΕ
482 2113 495 2137 'I
515 2111 640 2145 protinus]
661 2113 745 2144 potius
765 2112 790 2135 E
899 2111 914 2136 9
933 2111 1002 2143 eum]
1024 2120 1081 2136 eum
1100 2112 1129 2135 N
1194 2113 1329 2137 admouere
1350 2113 1381 2141 E,
1400 2114 1535 2138 admonere
1555 2113 1582 2137 F
1682 2112 1712 2137 10
1731 2111 1827 2143 nostro]

177 2166 238 2182 uero
257 2157 286 2181 K
397 2156 428 2181 1‘2
447 2161 535 2189 raptus
555 2156 657 2180 NKIII
731 2154 788 2187 iuri]
810 2156 864 2179 uiro
885 2155 943 2178 IDA
1057 2155 1087 2179 13
1107 2156 1266 2188 uiribusque]
1289 2156 1452 2187 DBKEFG,
1471 2157 1570 2180 uiribus
1590 2156 1686 2180 ZNIII
1756 2164 1828 2188 prae-

178 2199 277 2233 potens]
304 2200 470 2232 praeposteris
490 2200 512 2223 A
594 2200 748 2231 paucitatem
775 2208 822 2222 om.
843 2198 917 2222 HGI
1029 2198 1058 2222 14
1082 2200 1198 2223 saionum
1224 2198 1355 2232 ultionem]
1385 2209 1507 2232 sayonum
1532 2200 1638 2223 ultorem
1659 2199 1685 2228 I,
1711 2203 1829 2223 satonmn

177 2244 292 2276 ulgorem
302 2243 360 2275 (sic)
372 2244 406 2273 H,
420 2244 581 2267 sanctionum
596 2244 703 2275 rigorem
718 2244 739 2265 (ι’
836 2242 865 2266 Ιῖ)
879 2242 1021 2273 eognieioni
1032 2242 1075 2265 XV
1166 2242 1195 2266 17
1211 2243 1250 2267 vel
1264 2243 1433 2275 praesumpsit
1447 2252 1493 2266 om.
1506 2242 1627 2266 NKE²A
1681 2243 1793 2274 affligere
1805 2242 1831 2265 Ε

179 2287 211 2311 18
230 2287 402 2319 persuasionis
418 2287 440 2310 A
523 2285 556 2310 20
574 2285 645 2317 quia]
666 2286 733 2318 quod
748 2286 767 2309 .1
825 2283 894 2317 hine]
917 2285 975 2309 huic
989 2285 1038 2312 ΓΙ,
1059 2286 1099 2309 hie
1112 2285 1149 2315 II,
1167 2286 1202 2309 sic
1220 2286 1237 2308 I
1286 2286 1448 2310 detestanlis
1461 2285 1614 2317 (rid-fuisse
1627 2285 1796 2316 detestauilis)
1809 2285 1832 2308 Z

177 2329 211 2354 22
229 2328 432 2362 promerendum]
453 2329 675 2358 DBZNKE2F2,
695 2329 894 2360 promouendum
915 2328 1024 2352 E¹F¹A
1134 2328 1167 2353 ⁴23
1187 2328 1334 2361 consecuta]
1354 2333 1476 2353 consueta
1497 2329 1548 2353 ΚΑ
1653 2328 1686 2352 ‘24
1705 2327 1741 2360 ni]
1762 2328 1828 2359 quod

177 2374 204 2397 ni
222 2373 263 2397 B2
355 2372 389 2397 25
408 2371 478 2405 quia]
498 2373 558 2404 quia
576 2373 637 2403 quia
650 2371 691 2395 Β1
779 2370 812 2395 26
832 2371 941 2395 uersutis
956 2371 998 2394 ΙΝ
1085 2371 1116 2396 ‘27
1137 2372 1246 2396 habetur
1259 2372 1299 2396 E¹
1353 2373 1400 2396 sibi
1420 2376 1486 2396 cont.
1507 2376 1570 2396 sent.
1584 2371 1612 2395 F
1697 2370 1730 2395 ‘28
1748 2375 1826 2402 temp-

177 2417 271 2441 tauerit
286 2416 329 2439 Na
399 2417 454 2440 siue
472 2415 504 2446 (si
518 2424 579 2440 uero
593 2414 757 2445 ZNKEFi-l)
777 2423 820 2446 pro
833 2414 1065 2446 e-›niunctitmibuq
1086 2415 1167 2447 ιῖςήνὶῐ
1184 2415 1220 2439 Ι).·
1238 2416 1324 2439 malim
1339 2417 1359 2439 si
1374 2424 1434 2439 nero
1448 2415 1634 2439 coniunctionis
1702 2412 1826 2445 futurum]

179 2460 263 2483 furtim
285 2460 313 2484 J(
416 2458 449 2483 29
469 2464 543 2484 matr.
564 2459 598 2482 illi
619 2458 690 2482 EFA
765 2457 865 2489 iugalis]
886 2458 1026 2489 coniugalis
1047 2458 1087 2481 12¹²

283 2580 306 2610 l)
334 2580 394 2605 Cod.
419 2580 515 2604 leeocl.
535 2582 559 2609 4,
577 2582 616 2607 22,
636 2580 651 2603 3
673 2589 703 2598 Ξ
723 2578 776 2602 eod.
801 2578 863 2602 lust.
883 2580 906 2608 8,
925 2581 949 2608 4,
971 2580 984 2602 7
1007 2587 1030 2602 ιι.
1051 2579 1112 2603 385Ιζ
1140 2580 1219 2611 Impp.
1241 2579 1450 2609 Valentinianus,
1475 2578 1633 2602 Theodosius
1658 2582 1682 2601 et
1705 2577 1828 2601 Arcadius

178 2625 255 2648 AAA.
275 2624 307 2648 ad
326 2624 484 2648 Messianum
503 2624 620 2647 comitem
640 2631 723 2646 rerum
743 2622 908 2654 privatarum.
946 2621 1082 2653 Plerosque
1102 2622 1228 2646 detectum
1247 2626 1285 2647 est
1303 2631 1355 2647 rem
1368 2623 1494 2654 privatam
1508 2625 1619 2645 nostram
1640 2639 1645 2644 .
1660 2639 1665 2644 .
1680 2639 1685 2644 .
1705 2620 1826 2644 invasisse

178 2685 264 2691 .....
285 2667 361 2690 eadat
375 2686 380 2690 .
396 2685 400 2690 .
416 2667 459 2690 lite
478 2667 593 2698 quisquis
612 2665 720 2697 opperiri
740 2665 849 2688 noluerit
868 2664 918 2688 litis
938 2669 1057 2688 eventum
1072 2669 1097 2689 et
1110 2665 1177 2696 quod
1191 2666 1301 2697 recipere
1315 2667 1370 2698 lege
1383 2665 1515 2697 potuisset,
1534 2668 1691 2695 contemptor
1704 2663 1826 2687 examinis

178 2710 305 2734 violentus
324 2711 432 2734 amittat.
470 2710 506 2734 illi
525 2719 593 2740 vero,
613 2718 676 2741 quos
695 2710 720 2733 iu
740 2712 839 2732 tuntum
860 2709 969 2732 furorem
989 2709 1105 2739 provexit
1123 2709 1240 2739 audacia,
1261 2713 1289 2733 ut
1308 2709 1375 2740 quod
1395 2707 1519 2740 iurgaturi
1534 2707 1603 2739 apud
1616 2707 1738 2730 examinis
1753 2706 1825 2729 fidem

179 2761 278 2784 sperare
297 2761 346 2777 non
366 2758 480 2785 possent,
504 2758 563 2777 ante
584 2756 704 2777 eventum
724 2752 848 2775 iudicialis
867 2751 964 2775 arbitrii
985 2751 1072 2775 illicita
1093 2753 1298 2785 praesumptione
1318 2756 1482 2782 minei-arent,
1507 2750 1706 2775 aestimationem
1727 2750 1772 2780 rei,
1797 2750 1827 2773 de

179 2804 228 2827 qun
256 2796 348 2827 litigari
371 2800 538 2826 convenerat,
568 2800 693 2827 eoguntur
716 2795 842 2818 exolvere.
879 2795 945 2825 quod
970 2795 1070 2826 quidem
1095 2795 1169 2819 etiam
1194 2796 1218 2819 in
1243 2797 1348 2827 privatis
1372 2794 1558 2819 observandum
1582 2793 1689 2824 negotiis
1712 2792 1824 2823 generali

178 2838 234 2869 lege
254 2839 391 2863 sancimus.

1618 2882 1650 2906 305
1657 2882 1670 2895 τῖ’

1848 756 1871 773 lo

1850 1274 1874 1291 Ἅι]

1850 1532 1873 1551 25
