2279 3261
908 165 1138 193 PROOEMIVM.
1728 168 1847 194 XXXIII

192 257 308 300 scripta
329 258 371 289 sit
385 261 458 300 post
473 258 577 300 plures
594 257 632 289 de
649 258 707 290 hae
722 270 754 290 re
772 260 948 301 propositas
965 271 1064 302 nuper
1080 259 1306 303 disputationes
1323 260 1455 292 Useneri
1472 261 1503 292 in
1520 261 1671 293 anecdoto
1688 273 1717 304 p.
1730 264 1779 295 39.
1799 264 1849 301 70,

192 318 355 350 Schuberti
379 319 443 358 (die
471 318 711 359 Unterwerfmey
734 319 789 351 cler
812 319 1015 352 Alamannen
1038 322 1120 353 1884
1143 333 1173 363 p.
1191 322 1256 359 37),
1279 321 1314 353 V
1317 321 1408 362 ogelii
1432 320 1540 364 (Sybel
1564 322 1747 354 lnistorisehe
1764 323 1847 354 Zeit-

191 379 306 420 schrift
332 379 393 411 vol.
414 381 455 412 56
479 391 505 411 a.
524 381 605 413 1886
629 392 659 422 p.
676 382 738 414 385
759 381 853 423 seq.)‚
883 381 1035 413 Krusehii
1066 381 1185 423 (Neues
1208 381 1327 413 Arellio
1350 381 1412 415 vol.
1433 383 1470 414 12
1495 394 1521 413 a.
1542 384 1622 415 1887
1648 394 1676 425 p.
1693 383 1755 414 289
1771 383 1847 424 seq.)

192 441 282 473 nobis
315 451 438 483 quoque
469 439 666 472 tractandum
696 445 757 480 est,
794 442 942 484 quoniam
971 442 1114 484 quaestio
1146 442 1221 473 haee
1255 441 1295 473 ad
1325 442 1557 483 chronologiam
1586 442 1849 475 Cassiodoranam

191 505 382 533 momentum
405 512 466 532 non
490 501 635 543 exiguum
659 501 761 534 habet.
792 502 918 533 omnino
942 502 1134 545 separandae
1157 507 1230 533 sunt
1253 502 1332 534 duae
1355 514 1412 541 res,
1436 503 1566 534 victoria
1589 503 1642 535 illa
1657 503 1849 535 Francorum

191 566 223 594 et
244 562 379 604 receptio
402 561 651 594 Alamannorum
674 562 756 594 intra
778 563 854 595 fines
878 563 965 605 regni
981 562 1228 595 Theodericiani.
1274 563 1426 605 proelium
1451 564 1526 595 illud
1547 563 1671 606 quando
1695 563 1849 603 acciderit,

193 634 273 655 unus
296 623 387 655 nobis
411 623 500 655 testis
523 622 652 654 tradidit
675 635 774 666 neque
797 624 935 666 aequalis
958 635 1147 666 quamquam
1172 624 1316 666 supparis
1336 624 1455 662 aetatis,
1478 624 1545 655 sive
1562 624 1732 666 Gregorius
1750 625 1850 656 Turo-

191 683 296 716 nensis
326 683 353 715 is
379 687 427 715 est
454 683 521 716 sive
544 684 624 716 alius
650 685 756 716 neseio
780 685 833 727 qui
857 685 897 717 ad
919 685 1128 717 narrationem
1153 684 1298 726 Gregorii
1321 684 1359 715 de
1383 685 1514 716 victoria
1536 684 1750 717 Chlodovechi
1774 685 1851 716 Ala-

192 744 334 777 mannica
363 748 394 775 et
419 743 512 776 caede
540 745 622 787 regis
650 745 668 776 l.
688 745 724 777 II
748 757 772 777 c.
789 747 830 778 30
857 745 1024 788 adscripsit
1051 745 1142 777 haec:
1173 748 1279 776 (letum
1302 755 1386 776 amm
1411 745 1482 776 XV
1498 746 1587 785 reyni
1609 746 1669 777 sui.
1715 745 1770 777 sed
1792 746 1850 776 etsi

191 807 267 838 haec
289 804 448 844 indicatio,
471 817 550 848 quae
573 805 658 837 ducit
681 806 721 837 ad
744 818 770 838 a.
790 808 862 845 495,
886 807 1002 838 omissa
1024 807 1056 838 in
1080 807 1176 838 altero
1199 805 1341 837 codicum
1365 805 1482 845 ordine,
1506 805 1561 837 sed
1584 806 1709 838 inventa
1733 807 1794 838 iam
1818 807 1850 838 in

190 867 279 899 libris
310 866 425 898 saeculi
453 866 592 909 septimi,
622 878 679 909 pro
708 867 946 909 interpolatione
969 867 1075 899 haberi
1098 871 1216 909 potest,
1248 867 1375 909 antiqua
1397 878 1432 898 ea
1454 871 1502 898 est
1529 870 1560 898 et
1582 866 1714 898 fortasse
1737 867 1850 910 perita3

192 927 304 959 deinde
327 939 397 959 cum
421 931 569 970 sequatur
592 927 676 970 apud
698 927 885 970 Gregorium
909 927 1061 970 proelium
1084 928 1165 959 inter
1180 928 1319 959 Francos
1343 932 1372 959 et
1388 927 1628 970 Bmgundiones
1650 928 1851 960 commissum

192 988 233 1020 ad
254 988 426 1021 Divionem
454 999 548 1028 anno,
578 993 613 1020 ut
635 989 731 1020 Marii
758 988 937 1020 testimonio
965 989 1119 1027 firmatus,
1150 993 1221 1031 post
1244 988 1406 1020 Christum
1429 990 1508 1027 500,
1538 988 1597 1020 hoc
1627 993 1706 1020 certe
1729 993 1852 1020 constat

192 1049 354 1081 victoriam
389 1049 474 1080 illam
507 1061 526 1080 a
559 1049 689 1081 Francis
723 1053 912 1092 reportatam
947 1061 1014 1081 esse
1049 1054 1120 1081 ante
1153 1061 1179 1081 a.
1204 1051 1274 1082 500.
1331 1061 1392 1081 non
1427 1049 1535 1081 debuit
1568 1050 1664 1091 igitur
1695 1050 1850 1091 Vogelius

191 1110 304 1142 reiecto
333 1110 402 1141 loeo
429 1110 483 1141 illo
512 1114 657 1152 suspecto
686 1110 839 1152 proelium
869 1110 908 1142 ad
937 1111 1054 1153 primos
1084 1122 1182 1142 annos
1206 1111 1321 1142 saeculi
1343 1111 1500 1153 sequentis
1524 1122 1676 1143 revocare.
1722 1110 1851 1142 eandem

192 1171 355 1203 victoriam
382 1175 413 1202 et
439 1182 518 1213 quae
546 1182 613 1202 eam
641 1175 747 1203 secuta
770 1176 818 1203 est
841 1171 1057 1203 Chlodovechi
1080 1172 1314 1203 conversionem
1338 1170 1378 1202 ad
1402 1171 1493 1202 fidem
1518 1171 1728 1203 Christianam
1751 1171 1851 1213 tangit

192 1231 309 1264 Avitus
338 1231 504 1274 episcopus
529 1231 721 1264 Viennensis
750 1232 782 1263 in
809 1232 944 1274 epistula
975 1233 1015 1264 46
1038 1231 1118 1275 [41],
1149 1232 1204 1264 sed
1235 1243 1314 1274 quae
1345 1236 1468 1274 tempus
1500 1244 1561 1264 non
1592 1231 1726 1264 definiat.
1776 1232 1852 1263 haec

192 1296 226 1324 ut
248 1292 403 1335 pertinent
426 1291 466 1324 ad
489 1293 683 1324 Alamannos
707 1292 856 1332 devictos,
880 1304 932 1324 eos
956 1293 988 1324 in
1011 1293 1086 1324 fines
1110 1293 1196 1335 regni
1217 1292 1456 1324 Theodericiani
1479 1297 1618 1335 receptos
1641 1304 1708 1324 esse
1731 1296 1852 1335 praeter

192 1352 417 1385 Cassiodorum
451 1357 584 1385 testatur
616 1353 782 1385 Ennodius
816 1353 848 1384 in
883 1354 1070 1396 panegyrico
1098 1353 1283 1385 Theoderici
1317 1353 1445 1385 recitato
1476 1353 1554 1385 inter
1586 1365 1612 1385 a.
1639 1355 1701 1386 504
1731 1357 1761 1384 et
1789 1354 1851 1386 508

192 1426 217 1446 c.
243 1415 292 1454 15,
317 1416 356 1448 72
380 1415 438 1446 sic:
476 1425 497 1446 a
527 1417 554 1446 tc
577 1414 794 1446 Alamanniae
821 1415 1012 1455 (leneralitas
1045 1415 1130 1446 intra
1158 1414 1274 1446 Italiae
1303 1414 1452 1445 terminos
1479 1414 1548 1446 sine
1575 1414 1758 1446 ‹letrimento
1787 1414 1851 1445 Ro-

192 1486 306 1507 manae
334 1476 545 1515 possessionis
577 1475 702 1507 inclusa
737 1477 800 1506 est:
839 1475 892 1506 cui
923 1475 1022 1506 evenit
1052 1474 1163 1506 habere
1192 1485 1292 1514 reyem
1315 1476 1487 1514 postquam
1516 1475 1633 1506 meruit
1659 1475 1853 1514 perdidisse:

192 1536 281 1576 facta
314 1539 359 1568 est
388 1537 534 1567 Latiaris
568 1538 672 1568 custos
700 1536 826 1575 ‘imperii
854 1546 972 1575 semper
1001 1538 1180 1567 nostrorum
1204 1534 1412 1574 populatimw
1440 1537 1605 1575 grassata:
1640 1535 1693 1566 cai
1720 1535 1853 1575 feliciter

194 1597 285 1629 cessit
306 1597 426 1638 fuyisse
441 1598 588 1637 patriam
610 1609 715 1636 suam,
743 1609 819 1630 nam
841 1599 887 1629 sic
909 1599 1025 1638 adepta
1048 1601 1093 1629 est
1115 1597 1174 1628 soli
1196 1598 1297 1629 nostri
1320 1596 1511 1638 opulentiam
1521 1606 1531 1626 .·
1561 1596 1749 1636 admisistis
1771 1606 1851 1636 quae

193 1658 313 1689 noverit
343 1657 498 1699 liyonibns
529 1659 620 1690 tellas
650 1659 863 1699 adquiescere,
898 1659 1042 1698 quamvis
1072 1669 1130 1690 nos
1161 1658 1323 1698 contiyerit
1352 1658 1471 1688 (lamna
1502 1657 1638 1688 nescire:
1674 1681 1680 1687 .
1703 1681 1710 1687 .
1734 1682 1739 1688 .
1768 1656 1851 1687 ulvis

195 1718 328 1750 liberata
346 1718 531 1759 yratnlatnr
554 1722 649 1758 term,
672 1719 869 1759 incolensque
893 1719 953 1762 (sie
976 1719 1096 1761 scripsi,
1119 1721 1236 1750 terram
1259 1718 1395 1750 incolens
1417 1728 1499 1757 quae
1521 1717 1606 1758 libri)
1623 1717 1775 1749 haetenus
1798 1717 1849 1748 cle-

194 1779 385 1811 ltiscentibus
412 1779 580 1811 domiciliis
613 1779 772 1811 solidioris
800 1781 890 1811 caeni
919 1780 1090 1820 emeryebat
1120 1780 1274 1819 beneficio.
1326 1779 1463 1820 intellegi
1494 1778 1526 1809 id
1556 1779 1659 1821 ipsum
1691 1778 1850 1820 proelium,

195 1839 280 1882 quod
309 1839 445 1872 vidimus
477 1845 547 1872 ante
570 1852 596 1872 a.
613 1843 690 1879 500,
718 1841 850 1873 fortasse
874 1853 900 1872 a.
925 1843 988 1874 495
1012 1841 1214 1872 commissum
1242 1851 1322 1879 esse,
1351 1850 1540 1882 quamquam
1564 1838 1687 1871 Usener
1714 1839 1850 1881 negavit,

194 1905 275 1932 reete
298 1900 492 1933 admisertmt
514 1902 567 1944 qui
590 1906 700 1944 postea
724 1902 923 1945 scripserunt,
947 1913 1017 1933 eum
1040 1901 1221 1944 praesertim
1238 1901 1318 1942 regis
1335 1900 1416 1932 eaesi
1432 1904 1462 1931 et
1475 1900 1645 1942 Gregorius
1663 1900 1849 1931 mentionem

194 1961 288 1993 faciat
315 1966 345 1993 et
369 1961 578 1994 Cassiodorus
606 1962 843 2005 Ennodiusque.
889 1962 944 1994 sed
972 1962 1154 1994 Ennodium
1183 1973 1254 1993 cum
1285 1962 1316 1992 in
1345 1961 1436 1992 rebus
1459 1960 1645 1992 Theoderici
1668 1960 1849 1992 enarrandis

196 2026 370 2065 temporum
398 2023 538 2055 ordinem
566 2024 730 2055 retinuisse
759 2025 876 2067 optime
900 2024 1055 2065 Vogelius
1079 2023 1338 2063 demonst1·arit,¹)
1367 2022 1503 2053 narratio
1527 2021 1580 2052 illa
1603 2020 1641 2053 de
1665 2021 1849 2053 Alamannis

196 2083 240 2114 ibi
262 2083 365 2115 locum
387 2088 469 2116 tenet
489 2089 561 2127 post
576 2084 805 2127 expeditionem
822 2084 1021 2116 Sirmiensem
1047 2096 1073 2116 a.
1091 2086 1154 2117 504
1177 2089 1208 2115 et
1230 2088 1367 2115 extrema
1390 2087 1437 2114 est
1460 2083 1491 2114 in
1514 2083 1661 2114 universa
1683 2083 1740 2114 hae
1764 2094 1851 2114 enar-

195 2144 323 2176 ratione.
367 2144 452 2187 apud
475 2145 699 2177 Cassiodormn
730 2150 834 2178 autem
857 2146 948 2189 plura
970 2145 1086 2177 indicia
1109 2145 1149 2177 ad
1172 2144 1280 2177 eadem
1303 2150 1444 2187 tempora
1467 2143 1594 2175 ducunt.
1639 2143 1786 2183 Boethio,
1817 2148 1851 2174 ut

196 2208 276 2236 recte
298 2205 420 2237 monuit
442 2205 565 2238 Usener
588 2219 618 2249 p.
635 2208 686 2246 39,
716 2211 790 2238 nato
814 2218 839 2238 c.
864 2218 890 2238 a.
913 2208 976 2239 482
999 2207 1087 2238 loeus
1110 2206 1150 2245 is,
1179 2217 1271 2248 quem
1293 2204 1351 2236 hae
1373 2205 1525 2247 epistulae
1547 2204 1575 2236 ei
1598 2204 1751 2243 tribuunt,
1781 2204 1850 2246 ipso

196 2275 277 2296 anno
294 2266 356 2298 495
379 2266 465 2298 nullo
488 2267 582 2299 modo
605 2267 699 2299 tribui
723 2268 834 2310 potuit.
878 2267 1022 2299 similiter
1037 2271 1234 2309 quaesturam
1252 2265 1443 2304 Cassiodori,
1466 2265 1498 2296 in
1514 2276 1575 2308 qua
1590 2265 1669 2296 hanc
1684 2265 1850 2307 epistulam

197 2325 337 2366 dictavit,
360 2337 455 2369 supra
475 2327 612 2359 vidimus
632 2332 663 2360 et
678 2329 800 2360 monuit
815 2339 938 2371 quoque
954 2327 1077 2360 Usener
1097 2339 1126 2370 p.
1140 2329 1180 2360 70
1203 2327 1289 2358 nullo
1305 2326 1399 2358 modo
1416 2325 1528 2358 retrahi
1545 2337 1637 2368 posse
1653 2330 1723 2357 ante
1738 2337 1765 2357 a.
1778 2326 1849 2364 501,

300 2473 325 2505 1)
344 2475 360 2499 l.
380 2483 402 2499 c.
421 2483 445 2507 p.
458 2474 516 2500 388.
557 2484 640 2508 neque
659 2476 835 2509 exceptionem
854 2476 915 2500 facit
933 2475 1045 2500 narratio
1064 2476 1095 2500 de
1114 2475 1235 2499 Vandalis
1254 2483 1275 2499 c.
1290 2472 1330 2506 13,
1354 2482 1508 2506 quamquam
1526 2477 1551 2498 et
1564 2474 1687 2506 Vogelius
1706 2474 1731 2498 id
1749 2473 1851 2498 admisit

197 2520 223 2542 et
247 2518 392 2543 Kruschius
417 2519 444 2550 (l.
468 2527 489 2544 e.
514 2528 537 2552 p.
556 2518 617 2550 294)
646 2524 777 2552 propterea
803 2520 951 2544 universam
975 2519 1075 2552 Vogelii
1100 2519 1283 2544 ordinationem
1312 2518 1406 2543 reiecit.
1452 2527 1510 2542 nam
1536 2517 1614 2542 verba
1639 2517 1762 2541 Ennodii:
1790 2517 1851 2549 quid

198 2561 334 2593 castigyatas
358 2562 543 2587 Wandalorum
563 2564 642 2588 ventis
655 2564 808 2595 parentibus
826 2564 932 2595 eloquar
946 2563 1166 2595 depraedationes,
1186 2562 1274 2594 quihus
1289 2570 1340 2593 pro
1360 2570 1450 2585 annua
1464 2561 1587 2593 pensione
1605 2561 1667 2584 satis
1685 2565 1720 2585 est
1738 2561 1851 2584 amicitia

197 2604 263 2628 tua?
281 2605 386 2637 emyari
403 2606 474 2630 ultra
492 2606 686 2637 possibilitatem
704 2607 819 2631 nesciunt
837 2607 899 2631 (luce
919 2606 1059 2638 sapientia:
1084 2606 1182 2639 adfines
1201 2614 1252 2630 esse
1272 2609 1432 2635 meruerant,
1451 2605 1511 2636 quia
1530 2604 1646 2629 oboedire
1664 2613 1715 2627 non
1735 2604 1851 2627 abnuunt

197 2656 355 2680 quamquam
372 2649 498 2681 respicere
516 2650 636 2675 videntur
654 2651 686 2674 ad
705 2658 793 2683 pacem
813 2658 870 2675 cum
891 2650 1025 2675 Wandalis
1044 2651 1136 2674 saetam
1154 2658 1178 2674 a.
1191 2648 1242 2673 491
1262 2649 1438 2679 (Cassiodorus
1456 2648 1543 2673 chron.
1563 2648 1604 2672 ad.
1623 2647 1648 2672 h.
1668 2656 1703 2672 a.:
1730 2647 1851 2671 Wandali

192 2699 259 2722 pace
277 2692 425 2724 suppliciter
438 2693 572 2724 postulata
585 2703 602 2718 a
615 2693 720 2719 Siciliae
739 2694 815 2718 solita
834 2693 1033 2725 depraedatione
1052 2693 1193 2723 cessarunt)
1213 2696 1238 2717 et
1256 2693 1397 2725 respiciunt
1415 2696 1482 2716 certe
1495 2692 1526 2716 ad
1539 2690 1729 2716 matrimonium
1742 2690 1850 2714 Thrasa-

197 2735 287 2759 mundi
305 2740 330 2760 et
341 2736 521 2762 Amalafredae
539 2739 635 2763 factum
654 2743 682 2764 ut
701 2739 802 2764 videtur
820 2748 842 2763 a.
857 2737 915 2770 500,
938 2739 1038 2771 proprie
1056 2738 1181 2763 trahenda
1199 2741 1260 2762 sunt
1278 2737 1309 2762 ad
1327 2746 1439 2762 annuam
1458 2736 1610 2769 pensionemv
1625 2740 1726 2768 propter
1743 2735 1848 2759 tutelam

197 2779 300 2804 litorum
318 2788 363 2812 per
380 2780 477 2812 aliquot
495 2789 576 2806 annos
590 2783 724 2807 Wandalis
743 2791 757 2807 a
769 2783 925 2807 Theoderico
944 2782 1099 2814 praestitam,
1119 2785 1208 2814 postea
1226 2784 1311 2806 autem
1330 2780 1459 2811 abolitam,
1480 2788 1562 2812 neque
1582 2779 1719 2811 quicquam
1738 2778 1849 2810 impedit,

198 2822 334 2854 quominus
352 2823 373 2847 is
391 2826 515 2849 tractatus
530 2834 598 2850 anno
617 2825 669 2851 504
688 2826 729 2851 vel
748 2826 833 2859 paullo
853 2829 941 2859 postea
960 2826 1062 2850 habitus
1081 2825 1121 2850 sit.

301 2870 488 2896 CAssmnonvs.
1443 2864 1445 2867 ’
1681 2874 1694 2892 e
