2279 3261
376 632 391 659 7

461 188 518 217 136
1168 185 1380 211 CASSIODORI

458 272 517 301 hoc
549 271 707 302 imitarine
737 274 873 311 queunt.
906 270 958 311 qui
989 282 1022 301 se
1052 271 1091 301 acl
1124 271 1269 312 publicas
1297 272 1512 302 necessitates
1545 272 1666 303 clectos
1699 282 1771 303 esse
1802 276 2022 313 cognoscunt?
2069 277 2102 304 et

457 323 530 353 ideo
561 323 794 363 quinquaginta
824 321 998 352 solidorum
1028 323 1162 353 multam
1193 323 1255 353 iam
1284 333 1347 353 non
1377 322 1577 357 veredarius,
1611 323 1667 354 sed
1700 323 1917 354 catabolensis
1950 324 2102 361 incurrat,

456 374 598 414 quisquis
622 373 707 403 ultra
732 376 861 403 centum
885 373 985 403 libras
1010 374 1202 415 parhippum
1227 374 1399 405 crediderit
1422 374 1630 405 onerandum.
1677 375 1739 405 His
1764 378 1889 411 autem,
1921 376 1975 416 qui
2005 386 2103 416 supra

458 426 646 466 scriptarum
672 424 864 465 dignitatum
894 425 1018 456 vicibus
1047 426 1078 455 in
1107 425 1187 456 urbe
1216 429 1382 467 praesunt,
1411 431 1443 456 te
1472 426 1646 457 observare
1675 427 1907 468 praecipimus,
1939 430 2099 468 quatenus

427 483 437 501 5
457 486 628 512 excessus5
668 476 721 516 qui
756 475 796 506 ab
832 475 894 506 illis
929 476 1076 507 detectus
1111 477 1221 515 fuerit7
1258 478 1471 509 exsecutione
1506 480 1563 508 tua
1593 488 1691 519 supra
1719 478 1805 509 dicta
1833 478 2099 510 condemnatione

415 740 438 758 10

413 1213 435 1231 15

413 1471 438 1490 ⁴20

414 2214 438 2233 30

457 527 618 568 puniatur.
657 527 780 567 siquos
798 530 905 558 autem
923 528 1143 569 intemperans
1168 530 1264 570 culpa
1288 529 1472 570 perculerit,
1497 529 1665 559 collectam
1693 530 1906 570 quantitatem
1931 541 1990 571 per
2012 531 2100 562 vices

455 582 588 619 agentes
617 579 820 620 mancipibus
850 580 1063 610 mutationum
1093 581 1240 611 volumus
1270 581 1439 622 applicari,
1471 583 1506 610 ut
1537 580 1692 610 cursualis
1721 584 1844 612 tractus
1875 581 1949 612 inde
1981 582 2102 613 habeat

454 630 642 667 remedium7
667 630 752 661 unde
778 631 935 662 hactenus
962 632 1099 673 sumpsit
1122 632 1372 663 incommodum.
1411 631 1583 662 Mundanis
1609 632 1767 673 siquidem
1793 633 1890 663 rebus
1915 634 2102 674 frequenter

456 682 598 712 nascitur
622 682 661 713 de
683 682 880 713 adversitate
898 684 1097 724 prosperitas
1115 686 1148 714 et
1165 683 1311 714 homines
1330 694 1401 713 cum
1419 683 1551 714 laedere
1570 684 1713 724 cupiunt,
1738 684 1898 715 beneficia
1913 685 2102 726 frequenter

457 733 656 774 impertiunt.
696 733 752 764 sed
770 734 876 764 omnia
896 735 940 765 sic
966 734 1141 765 efficaciter
1165 745 1201 765 ac
1226 734 1400 775 diligenter
1424 735 1584 776 implebis.
1610 739 1644 765 ut
1668 736 1835 776 provocati
1858 736 1952 766 bonis
1977 735 2102 767 actibus

456 785 620 816 devotioni
644 789 719 816 tuae
744 786 867 816 maiora
891 786 1092 816 committere
1117 786 1305 816 debeamus

1201 966 1357 999 XLVIII.

887 1035 1081 1066 EUSEBIO
1103 1029 1148 1066 Ῠ·
1164 1030 1195 1066 “1'-
1223 1036 1542 1067 THEODERIOUS
1568 1036 1670 1068 REX.
1919 1065 1947 1085 a·
1967 1055 2101 1095 5077511

556 1103 634 1133 Post
664 1104 883 1134 tumultuosae
913 1104 1000 1135 urbis
1033 1105 1268 1136 sollicitudines
1298 1105 1463 1136 taediosas
1497 1109 1529 1136 et
1562 1105 1824 1136 observationum
1855 1106 2019 1137 molestias
2052 1107 2100 1136 in-

455 1157 627 1195 gravantes
656 1155 844 1196 magnitudo
875 1159 930 1186 tua
958 1156 1145 1197 provinciali
1176 1156 1342 1187 desiderat
1371 1157 1567 1187 amoenitate
1599 1158 1751 1192 recreari,
1782 1168 1931 1188 asserens
1962 1168 2101 1200 occupa-

456 1206 577 1236 tionum
602 1206 660 1237 tibi
685 1217 798 1237 causas
822 1207 1049 1248 praesentibus
1075 1208 1249 1238 emersisse
1273 1208 1481 1249 temporibus„
1506 1208 1621 1249 quibus
1641 1208 1801 1249 expeditis
1819 1209 1915 1239 rurali
1933 1208 2101 1240 desideras

456 1258 617 1288 suavitate
634 1258 788 1298 gaudere.
828 1259 869 1289 Et
887 1259 962 1300 quia
984 1269 1058 1289 vere
1084 1259 1139 1290 illa
1163 1260 1321 1290 securitas
1346 1263 1406 1290 est.
1431 1270 1513 1300 quae
1537 1260 1654 1290 nostris
1678 1260 1875 1290 iussionibus
1900 1260 2004 1297 datur,
2029 1271 2101 1291 cum

455 1313 583 1351 tempus
614 1309 670 1340 tibi
701 1310 797 1341 fuerit
827 1312 1046 1352 occupationis
1078 1323 1260 1347 emensum,
1291 1316 1363 1343 octo
1394 1313 1552 1343 mensium
1577 1312 1719 1343 indutias
1744 1313 1775 1343 in
1799 1312 1965 1343 Lucaniae
1989 1313 2101 1344 dulces

455 1372 604 1392 recessus
628 1365 738 1392 nostra
762 1363 953 1394 auctoritate
979 1363 1197 1395 concedimus.
1222 1367 1257 1394 ut
1282 1375 1323 1394 ex
1347 1365 1400 1395 illo
1425 1368 1570 1406 tempore
1596 1368 1820 1406 supputentur,
1846 1375 1916 1395 cum
1942 1368 1973 1395 te
1992 1364 2101 1405 egredi

456 1423 496 1443 ex
528 1413 608 1445 urbe
639 1413 746 1444 divino
776 1414 886 1445 favore
918 1415 1099 1456 contigerit.
1146 1416 1262 1456 quibus
1293 1416 1433 1457 peractis
1467 1416 1641 1446 multorum
1675 1416 1835 1447 desiderio
1868 1416 1907 1446 ad
1936 1415 2101 1446 Romanas

458 1465 553 1496 sedes
579 1467 689 1497 venire
713 1466 841 1502 festinaq
867 1468 1040 1498 conventui
1064 1468 1219 1498 nobilium
1238 1471 1269 1498 et
1287 1467 1384 1509 (ligna
1402 1467 1465 1498 tuis
1483 1467 1624 1498 moribus
1643 1468 1889 1499 conversatione
1906 1467 2102 1498 reddendus.

1192 1656 1366 1687 XLVIIII.

765 1726 1005 1758 UNIVERSIS
1030 1725 1415 1757 PROVINCIALIBUS
1441 1725 1496 1756 ET
1523 1725 1791 1758 CAPILLATIS

491 1777 835 1810 DEFnNsomssns
861 1778 917 1809 ET
943 1777 1216 1809 CURIALIBUS
1242 1777 1386 1808 SISCIA
1409 1777 1498 1807 VEL
1523 1776 1660 1808 sAVIA
1686 1770 2067 1810 CONSISTENTIBUS

1054 1828 1375 1860 THEODERIOUS
1399 1829 1501 1860 REX.
1919 1858 1948 1878 a·
1966 1848 2101 1889 507f511

558 1898 724 1929 Districtio
742 1910 870 1940 semper
896 1898 1041 1929 subtrahi
1066 1909 1129 1929 non
1154 1898 1251 1928 debet
1276 1898 1386 1939 regiae
1412 1897 1574 1935 iussionis‚
1600 1902 1635 1929 ut
1659 1902 1690 1929 et
1714 1899 1855 1930 audaces
1881 1902 1985 1930 metus
2012 1910 2098 1930 com-

413 1956 424 1974 '2
458 1950 576 1991 primat
601 1954 632 1981 et
656 1951 816 1982 laceratos
841 1962 914 1992 spes
938 1951 1046 1981 futura
1070 1951 1227 1981 refoveat.
1266 1950 1456 1991 plerumque
1482 1950 1566 1980 enim
1591 1950 1782 1981 denuntiata
1806 1952 2011 1982 comminatio
2029 1952 2101 1993 plus

456 2002 554 2031 efficit
578 2012 672 2043 quam
697 2012 800 2044 poena
824 2003 997 2043 componit.
1045 2005 1077 2033 et
1101 2002 1173 2033 ideo
1206 2002 1265 2032 deo
1296 2002 1429 2043 auspice
1454 2001 1663 2032 Fridibadum
1692 2002 1770 2033 locis
1802 2003 1916 2033 vestris
1946 2013 2100 2044 praeesse

457 2053 656 2087 censuimus,
688 2055 741 2095 qui
774 2054 944 2085 abactores
972 2054 1157 2085 animalium
1188 2053 1336 2094 legitima
1365 2053 1538 2084 severitate
1568 2056 1730 2091 coerceat7
1762 2053 1936 2085 homicidia
1963 2058 2100 2088 resecet,

458 2106 542 2135 furta
567 2105 760 2136 condemnet
784 2106 972 2147 quietosque
998 2116 1053 2135 vos
1078 2105 1118 2136 ab
1143 2105 1310 2136 sceleratis
1336 2104 1469 2135 ausibus
1499 2104 1626 2141 reddat,
1656 2115 1736 2145 quos
1765 2116 1849 2136 nune
1878 2107 2101 2148 praesumptio

457 2157 566 2197 iniqua
584 2156 747 2188 dilacerat.
794 2158 891 2188 vivite
916 2158 1096 2199 compositi⁷
1121 2157 1219 2188 vivite
1245 2157 1337 2187 bonis
1363 2157 1505 2187 moribus
1531 2157 1681 2195 instituti,
1706 2157 1828 2187 nullum
1854 2158 1952 2195 natio,
1976 2158 2100 2188 nullum

457 2208 650 2249 promeritus
682 2208 783 2240 honor
812 2213 956 2240 excuset.
1008 2220 1142 2240 necesse
1176 2213 1224 2239 est
1253 2208 1413 2240 vindictae
1442 2209 1608 2239 subiaceat
1637 2209 1690 2250 qui
1719 2209 1827 2250 pravis
1861 2209 2006 2240 moribus
2043 2210 2099 2241 ob-

457 2259 622 2291 secundat.

560 2396 735 2428 LRKPE(F)

560 2475 570 2498 l
593 2476 638 2499 hec
653 2475 679 2499 F
729 2474 898 2507 necessitates]
924 2477 1046 2500 utilitates
1060 2476 1088 2500 F
1171 2476 1186 2500 2
1206 2477 1347 2501 ueredarios
1364 2476 1452 2500 thPa
1506 2477 1696 2501 catabulneusis
1711 2479 1747 2501 ΑΘ
1839 2478 1855 2501 5}
1875 2479 2013 2511 pahippnm
2027 2478 2102 2506 Lbli'v

456 2519 594 2551 pahibpum
608 2519 657 2544 La.
681 2519 859 2551 paphip(p)um
875 2519 897 2542 A
969 2528 1047 2552 supra
1066 2529 1112 2543 om.
1128 2520 1156 2544 F
1255 2519 1271 2544 4
1295 2521 1320 2544 in
1346 2521 1407 2544 urbe
1431 2529 1477 2544 om.
1493 2520 1520 2543 F
1620 2519 1636 2544 6
1659 2521 1789 2552 pertulerit
1804 2521 1832 2544 J(
1935 2521 1947 2545 7
1968 2522 2045 2546 habet
2059 2522 2101 2545 pa

456 2560 472 2585 8
495 2560 647 2593 frequenter]
671 2570 728 2593 sepe
746 2562 774 2586 F
895 2561 910 2586 9
934 2561 974 2594 de]
1000 2571 1031 2587 ex
1049 2562 1077 2586 F
1161 2564 1266 2587 wssficia
1283 2563 1324 2587 Κ1
1414 2565 1557 2594 frequenter
1580 2572 1627 2587 om.
1646 2563 1670 2587 P
1791 2563 1823 2588 10
1848 2565 2025 2596 impertiuntur
2042 2564 2101 2594 EF,

456 2605 593 2636 imperiunt
612 2605 640 2628 Ι(
760 2604 792 2629 13
815 2606 918 2629 tetiosas
937 2606 976 2630 Ρθλ
1065 2606 1255 2630 obseruationes
1275 2606 1299 2629 R
1417 2605 1448 2630 14
1471 2607 1520 2630 des.
1546 2615 1616 2638 prou.
1637 2606 1664 2630 K
1744 2606 1906 2637 amoenitate]
1929 2608 2059 2632 suauitate
2078 2607 2106 2632 F

458 2647 488 2671 15
508 2648 559 2672 des.
579 2646 660 2678 suam]
681 2649 818 2672 amenitate
838 2649 887 2672 des.
901 2648 950 2674 Ra,
969 2658 1043 2673 suan.
1063 2650 1114 2673 des.
1126 2648 1168 2672 Hb
1257 2649 1288 2673 1⁴3
1308 2649 1376 2681 uere]
1397 2658 1459 2674 uera
1472 2648 1556 2673 EbAe
1610 2654 1647 2674 est
1661 2650 1746 2674 om.F
1833 2650 1862 2674 17
1877 2659 2001 2676 emersum
2013 2651 2101 2675 EFAe

458 2689 489 2713 18
508 2683 647 2723 supputent
666 2690 772 2718 (lineola
785 2691 826 2714 ΗΠΖ
845 2691 871 2715 [η
889 2692 954 2722 ras.)
968 2691 991 2715 B
1082 2691 1116 2715 *20
1135 2695 1158 2716 et
1171 2693 1286 2724 jb7·l‹zsse
1305 2693 1441 2716 delendum
1494 2691 1581 2724 digna]
1601 2693 1727 2725 condigna
1739 2693 1766 2716 E
1854 2692 1887 2718 24
1906 2694 1975 2718 decet
1986 2693 2024 2717 ΑΕ
2077 2697 2100 2717 et

457 2743 502 2757 cm.
520 2734 572 2758 EF
638 2733 729 2766 metus]
751 2734 885 2763 KPEFA,
907 2738 990 2759 motus
1010 2735 1058 2758 LR
1162 2734 1195 2759 ²25
1219 2736 1253 2759 rei
1273 2737 1359 2760 foueat
1378 2735 1419 2759 Pa
1495 2734 1665 2766 comminatio]
1690 2737 1816 2760 commina
1836 2736 1863 2760 K
1971 2735 2003 2760 26
2026 2737 2101 2760 frida-

456 2777 551 2801 badum
570 2777 603 2807 E,
630 2778 792 2801 fundibatum
812 2777 839 2800 F
956 2776 988 2800 27
1013 2778 1071 2809 quia
1092 2776 1174 2809 B¹[?]
1267 2779 1402 2803 securitate
1422 2779 1459 2802 sle
1581 2777 1614 2802 28
1636 2787 1682 2802 uos
1705 2787 1752 2803 om.
1770 2778 1810 2802 Ε1
1896 2778 1938 2812 ab]
1963 2788 1977 2804 a
2000 2779 2100 2803 KEFA

457 2818 489 2843 “29
510 2821 573 2843 ratis·
595 2821 630 2844 Ae
736 2819 770 2844 30
788 2829 832 2852 pro
853 2820 946 2844 meritis
966 2820 1029 2843 PA¹'
1100 2819 1146 2852 est]
1167 2825 1203 2844 est
1223 2825 1250 2845 ut
1269 2820 1297 2845 F
