2279 3261
367 2211 384 2239 w

462 180 517 209 148
1173 177 1385 204 OASSIODORI

455 264 553 304 igitur
569 263 779 304 suggestione
797 263 1011 304 comperimus
1027 274 1085 304 per
1102 264 1190 295 illam
1207 265 1416 296 indictionem
1438 265 1623 307 patrimonii
1648 267 1748 297 nostri
1773 267 1906 308 praedia
1931 268 1962 298 in
1981 267 2100 309 Apulia

455 315 621 356 provincia
645 315 830 354 constituta,
854 314 886 345 id
910 317 960 345 est
983 315 1061 346 illud
1086 319 1182 357 atque
1207 316 1296 351 illud.
1321 316 1455 347 honesto
1473 317 1540 347 viro
1557 316 1706 348 Thomati
1723 318 1882 349 libellario
1900 319 1993 350 titulo
2013 330 2100 350 com-

454 367 596 403 misisse,
629 365 685 397 sed
711 376 783 396 eum
807 366 892 397 male
921 367 1185 398 amministrando
1216 371 1369 409 suscepta
1397 378 1500 409 usque
1530 368 1571 398 ad
1599 368 1712 400 decem
1744 370 1832 400 milia
1863 370 2035 402 solidorum
2060 371 2100 402 de

455 417 684 448 indictionibus
708 417 764 448 illa
787 421 885 459 atque
910 418 966 449 illa
989 419 1217 460 reliquatorem
1242 419 1377 461 publicis
1400 419 1582 450 rationibus
1607 421 1769 452 extitisse:
1795 422 1848 462 qui
1873 432 1891 452 a
1911 423 2100 463 proceribus

424 477 434 494 5
454 470 571 500 nostris
589 469 777 510 frequenter
798 470 991 501 ammonitus
1015 470 1125 501 debita
1148 470 1286 501 reddere
1312 470 1499 502 detestabili
1523 471 1701 503 calliditate
1724 473 1882 514 neglexit.
1921 477 1953 505 et
1977 485 2017 505 ne
2041 474 2101 505 tibi

412 735 435 751 10

405 2165 428 2182 341

454 521 563 562 aliqua
590 522 624 552 in
652 525 817 563 posterum
847 523 994 563 quaestio
1023 526 1222 558 nasceretur,
1253 523 1390 563 publicis
1415 523 1609 554 utilitatibus
1634 523 1778 555 debitam
1803 525 2014 565 quantitatem
2040 526 2099 556 sub

452 572 511 603 hac
536 573 659 603 ratione
684 573 872 604 satisfacere
896 577 928 604 te
946 574 1029 605 velle
1052 575 1192 611 testaris,
1218 574 1243 604 si
1268 574 1326 604 tibi
1348 574 1482 615 praedia
1499 575 1675 616 supradicti
1692 575 1848 606 debitoris
1865 576 1936 607 loco
1954 577 2099 618 pignoris

453 624 694 656 contradantur.
746 625 831 656 Hinc
865 629 930 663 est,
970 625 1053 667 quod
1086 626 1282 656 desiderium
1317 629 1407 656 tuum
1438 627 1520 656 iusta
1552 627 1678 658 ratione
1711 631 1904 668 conceptum
1936 629 2101 670 praesenti

453 675 596 708 iussione
620 677 801 707 firmamus:
826 677 975 718 primum„
1000 681 1035 707 ut
1059 678 1181 708 nullam
1206 688 1247 708 ex
1272 677 1331 708 hac
1357 688 1390 708 re
1416 678 1544 708 nomine
1567 678 1697 720 publico
1715 682 1842 710 metuas
1861 681 2099 721 quaestionem:

454 727 572 760 deinde
597 729 654 759 sub
679 729 740 760 hac
765 729 953 760 condicione
979 729 1038 759 tibi
1062 730 1246 760 universam
1272 729 1497 767 substantiam,
1523 740 1617 770 quam
1643 731 1692 761 vel
1718 741 1801 761 nunc
1825 735 1915 762 tenet
1931 732 1981 762 vel
1998 732 2100 773 primo

453 783 597 821 tempore
622 780 819 821 possidebat.
845 791 916 811 cum
940 781 1058 811 nostris
1083 781 1260 811 rationibus
1286 781 1444 812 obnoxius
1462 792 1535 812 esse
1552 782 1615 812 iam
1633 787 1796 823 coeperat.
1821 783 1988 814 Thomatis
2008 783 2099 814 debi-

451 833 528 862 toris
546 832 736 869 addicimus,
762 843 857 873 quam
875 832 998 874 pridem
1016 836 1126 863 nostro
1152 833 1282 863 nomine
1306 833 1379 863 fixis
1403 834 1504 864 titulis
1528 834 1666 864 fecimus
1690 834 1863 865 vindicari:
1890 835 1949 865 hoc
1974 838 2100 866 tantum

453 883 663 914 humanitatis
687 884 805 914 intuitu
831 884 1028 917 relaxantes.
1054 887 1088 914 ut
1112 895 1215 926 nsque
1243 885 1283 915 ad
1302 885 1365 915 kal.
1385 884 1472 927 Sept.
1491 886 1629 926 spatium
1648 886 1767 917 habeat
1784 886 1939 917 reddendi
1957 887 2099 918 debitam

453 936 679 976 quantitatem:
716 936 819 966 minus
849 946 906 967 ne.
941 947 1012 966 cum
1043 936 1082 967 ad
1112 937 1334 978 supradictum
1364 937 1447 967 diem
1477 940 1511 967 tu
1539 938 1709 978 pecuniam
1740 938 1806 968 viro
1841 938 1956 968 illustri
1992 938 2099 969 comiti

424 999 433 1010 2
453 987 635 1028 patrimonii
660 988 774 1020 nostri.
806 998 887 1028 quae
912 987 1060 1024 debetur,
1092 989 1255 1021 intuleris.
1286 989 1424 1020 facultas
1450 990 1517 1020 cius
1542 990 1708 1025 universa,
1738 990 1821 1020 sicut
1851 990 2005 1023 diximus,
2036 991 2099 1021 tuis

453 1038 651 1079 compendiis
677 1039 864 1080 applicetur.
912 1039 996 1081 quod
1021 1041 1113 1071 triste
1138 1051 1199 1071 non
1226 1040 1386 1071 credimus
1417 1052 1489 1072 esse
1520 1040 1683 1082 perdenti.
1715 1041 1843 1082 quando
1875 1052 1932 1072 nec
1962 1053 2002 1072 ex
2033 1045 2098 1072 toto

452 1090 580 1121 videtur
603 1091 766 1124 amittere.
799 1091 884 1132 quod
909 1096 939 1122 te
965 1102 1119 1133 generum
1146 1103 1238 1123 suum
1265 1093 1432 1134 cognoscit
1456 1093 1641 1134 adquirere:
1676 1104 1748 1124 nam
1775 1093 1857 1134 quod
1883 1097 2012 1135 poteras
2042 1094 2098 1124 ad-

453 1142 545 1182 ipisci
570 1142 639 1172 iure
665 1143 894 1178 successionis,
920 1144 1108 1175 condicione
1133 1154 1151 1174 a
1175 1148 1206 1175 te
1232 1144 1418 1186 possidetur
1442 1145 1608 1186 emptoris.

1228 1308 1321 1340 Vin.

770 1375 1026 1407 ANASTASIO
1052 1376 1309 1409 CONSULARI
1334 1377 1655 1409 Tileoomucos
1681 1377 1782 1409 REX.
1917 1406 1946 1426 a·
1965 1397 2101 1437 523s525

555 1444 715 1475 Convenit
748 1445 981 1476 sublimitatem
1014 1449 1101 1476 tuam
1134 1446 1251 1476 nostris
1284 1446 1482 1476 iussionibus
1515 1447 1744 1478 oboedientiae
1779 1447 1921 1478 tribuere
1954 1448 2100 1479 sedulam

450 1496 648 1529 firmitatem.
673 1500 832 1537 quatenus
858 1497 894 1528 ad
923 1498 1073 1528 effectum
1099 1498 1245 1529 trahatur
1269 1498 1353 1539 quod
1379 1498 1499 1529 salubri
1524 1498 1727 1529 ordinatione
1753 1498 1940 1540 disponitur.
1987 1499 2098 1530 mode-

451 1551 518 1579 rate
555 1548 713 1589 siquidem
750 1549 838 1579 novit
873 1549 1017 1580 iniuncta
1054 1550 1115 1580 sibi
1152 1550 1315 1591 complere
1351 1550 1521 1591 prudentia
1557 1554 1588 1581 et
1624 1550 1693 1581 sine
1725 1550 1964 1591 ingratitudinis
1996 1561 2098 1581 naevo

451 1600 602 1641 delegata
627 1601 813 1642 explicabili
838 1612 1011 1643 procurare
1036 1602 1182 1633 consilio.
1230 1602 1337 1643 Atque
1368 1602 1441 1632 ideo
1471 1602 1510 1632 ad
1536 1601 1749 1632 Faventinam
1781 1603 1943 1633 civitatem
1973 1603 2097 1633 civilem

451 1653 694 1683 exsecutionem
725 1656 757 1683 tc
787 1654 1003 1695 praecipimus
1036 1653 1216 1688 destinare.
1254 1658 1289 1684 ut
1323 1654 1392 1684 siue
1428 1654 1616 1694 cuiusquam
1651 1654 1864 1685 concussione
1896 1655 1947 1685 vel
1982 1655 2098 1686 damno

409 1711 426 1728 2*-
453 1703 600 1744 quadrati
634 1704 674 1734 ad
704 1704 928 1735 Ravennatem
959 1706 1072 1736 urbem
1104 1716 1145 1736 ex
1177 1708 1285 1735 nostra
1316 1705 1460 1736 iussione
1494 1705 1703 1736 devehantur.
1737 1710 1895 1746 quatenus
1927 1710 1959 1736 et
1989 1710 2098 1737 nostro

450 1755 610 1786 desiderio
636 1757 837 1797 gratulemur
861 1757 994 1798 impleto
1020 1760 1051 1787 ct
1076 1757 1220 1798 querulis
1244 1756 1440 1787 vociferandi
1466 1760 1651 1798 amputetur
1676 1757 1813 1788 occasio.

1222 1920 1334 1951 VIIII.

726 1988 1086 2021 POSSESSORIBUS
1111 1990 1347 2022 FELTRINIS
1372 1990 1694 2023 THEODERIOUS
1720 1990 1819 2022 REX.
1915 2018 1944 2038 α·
1962 2008 2098 2047 5237526

549 2055 737 2087 Necessitas
764 2057 892 2098 publica
917 2058 1090 2089 multorum
1120 2058 1216 2089 debet
1246 2058 1417 2090 devotione
1448 2061 1617 2101 compleri„
1652 2061 1727 2101 quia
1757 2071 1821 2091 non
1853 2060 1948 2091 decet
1978 2070 2096 2101 paucos

448 2107 612 2148 suscipere
637 2108 721 2149 quod
747 2113 872 2139 constat
896 2110 1042 2150 plurimis
1068 2110 1233 2152 expedire.
1259 2121 1299 2141 nc
1324 2112 1415 2152 regia
1439 2111 1527 2142 iussa
1550 2112 1715 2153 tepefacta
1736 2112 1926 2145 lentescant.
1951 2111 2026 2142 dum
2045 2121 2096 2142 res

448 2159 535 2189 utilis
560 2158 728 2200 delegatur
753 2160 896 2191 infirmis.
944 2162 974 2192 in
1000 2161 1190 2192 Tridentina
1214 2162 1313 2203 igitur
1337 2163 1471 2204 regione
1497 2163 1661 2194 civitatem
1691 2164 1831 2194 construi
1862 2166 1973 2193 nostra
2001 2173 2094 2204 prae-

450 2212 536 2252 cepit
560 2212 747 2242 auctoritas.
790 2212 853 2243 Sed
879 2214 953 2254 quia
977 2214 1129 2245 territorii
1154 2214 1295 2255 parvitas
1321 2214 1577 2255 magnitudinem
1595 2216 1702 2256 operis
1720 2226 1784 2245 non
1803 2218 1910 2257 potest
1927 2214 2094 2245 sustinere.

447 2262 504 2292 hoc
541 2263 722 2293 sollicitudo
759 2268 866 2295 nostra
902 2266 1086 2307 prospexit.
1127 2270 1162 2296 ut
1198 2266 1339 2307 acceptis
1376 2266 1579 2298 mercedibus
1611 2267 1871 2309 competentibus
1901 2266 2093 2307 pedaturam

448 2323 609 2344 murorum
634 2325 747 2346 onmes
772 2316 802 2346 111
828 2326 998 2349 commune
1024 2319 1169 2350 subeatis
1194 2319 1247 2360 qui
1271 2318 1435 2349 vicinitate
1459 2319 1638 2359 iungimini7
1668 2322 1827 2360 quatenus
1852 2317 2094 2349 accommodato

548 2434 688 2465 LRKP(D
706 2437 791 2468 incipit
811 2437 842 2461 ab
861 2446 898 2469 ep.
914 2437 1014 2469 9)E(F)

551 2512 562 2536 1
586 2517 644 2544 post
667 2513 831 2538 indictionem
857 2515 977 2539 strauisse
1000 2516 1098 2540 <ridetur
1124 2517 1239 2541 comitem
1363 2516 1379 2541 2
1404 2517 1427 2541 id
1453 2515 1499 2549 est]
1526 2517 1591 2541 idem
1612 2517 1641 2541 K
1724 2517 1758 2541 th.
1779 2517 1837 2541 hon.
1857 2517 1904 2541 uir.
1918 2516 1946 2541 F
2030 2525 2095 2541 com-

444 2554 549 2587 misisse]
577 2556 714 2580 constituto
734 2556 771 2580 B:
796 2558 928 2582 commissa
950 2566 1003 2582 esse
1023 2559 1111 2591 illeyer
1129 2558 1175 2591 (1ng
1195 2560 1230 2583 ml
1248 2569 1268 2584 r.
1284 2560 1307 2591 1)
1428 2558 1444 2584 3
1467 2560 1531 2584 adm.
1556 2560 1616 2584 mal.
1634 2560 1659 2584 P
1777 2559 1793 2583 4
1819 2564 1868 2584 ext.
1892 2560 1963 2592 publ.
1987 2564 2033 2584 rat.
2051 2560 2094 2584 Fa

445 2596 459 2621 7
479 2598 563 2622 testari
578 2598 615 2621 L¹
670 2599 789 2631 praedicti
805 2600 832 2624 K
916 2600 932 2625 8
951 2602 1021 2626 iuxta
1036 2602 1063 2625 K
1156 2602 1188 2627 lO
1205 2601 1262 2635 suh]
1284 2603 1358 2627 simili
1372 2603 1400 2626 F
1489 2602 1519 2627 11
1540 2603 1658 2627 obnixius
1672 2603 1701 2627 K
1751 2611 1804 2627 csse
1824 2602 1884 2635 iam]
1905 2604 1954 2627 iam
1971 2603 2022 2632 ΓΙ,
2045 2603 2094 2627 iam

444 2650 498 2666 esse
510 2642 551 2666 F'·'
640 2642 671 2666 1⁵2
691 2643 798 2675 tantum]
819 2648 903 2669 tamen
918 2645 945 2668 F
1032 2645 1061 2669 13
1082 2646 1218 2670 humanitis
1230 2646 1268 2670 Ιί1
1323 2646 1425 2677 habeat]
1441 2647 1506 2670 lianc
1518 2646 1545 2670 K
1629 2645 1662 2670 14
1675 2644 1715 2677 ne]
1731 2654 1762 2670 ue
1772 2645 1835 2670 FAe
1889 2646 2058 2678 supradictam
2070 2646 2093 2669 A

446 2684 475 2708 111
495 2694 549 2709 esse
569 2694 616 2710 om.
631 2685 673 2709 F¹
772 2686 801 2711 17
822 2692 959 2719 cognoseat
972 2688 1000 2712 F
1089 2687 1123 2712 *20
1141 2693 1211 2714 tuam
1232 2699 1278 2714 ow.
1297 2690 1317 2713 I?
1378 2688 1502 2721 sedulam}
1522 2690 1627 2714 solidam
1640 2689 1682 2713 E¹
1774 2688 1805 2712 *21
1827 2690 1969 2713 firmitatem
1990 2698 2037 2713 om.
2052 2689 2094 2713 F¹

442 2727 476 2751 ¹22
494 2727 628 2761 complere]
653 2732 762 2753 tractare
777 2729 804 2753 F
871 2731 1042 2763 iugratndinis
1056 2732 1093 2755 [1²
1199 2732 1232 2756 23
1252 2733 1389 2757 saucntiam
1404 2733 1446 2757 Κ1
1550 2732 1583 2757 25
1601 2736 1784 2757 rauennataem
1798 2732 1848 2758 B2.
1870 2736 2038 2756 rauennatam
2054 2731 2076 2755 H
2086 2732 2094 2746 ¹

443 2770 476 2795 26
495 2772 604 2803 querelis
618 2771 660 2795 E¹
760 2771 793 2796 ‘28
812 2772 892 2805 decet]
913 2774 986 2799 [lebet
1003 2775 1024 2798 P
1121 2774 1154 2799 30
1173 2775 1290 2799 tudernia
1304 2776 1331 2799 F
1427 2775 1459 2800 31
1480 2776 1539 2808 qnia
1557 2784 1604 2800 (11η.
1618 2775 1662 2799 En
1726 2776 1842 2808 prauitas
1856 2775 1878 2799 L
1943 2776 2022 2799 subst.
2043 2783 2093 2798 uon

442 2818 491 2846 pot.
511 2815 534 2837 Α
640 2814 674 2839 32
693 2815 756 2840 haec
774 2816 802 2840 F
863 2819 1064 2849 competentibus
1083 2826 1130 2842 om.
1145 2818 1188 2841 K²
1293 2817 1326 2843 33
1344 2817 1484 2850 uicinitate]
1504 2819 1530 2843 in
1549 2819 1653 2843 ciuitate
1672 2817 1726 2843 EF
