2279 3261
728 193 923 220 VARIARVM
942 194 1002 221 XII.
1024 195 1063 220 12.
1085 196 1123 221 13.
1145 196 1184 221 14.
1723 200 1778 228 371

902 341 1012 372 Xlffl.

325 407 580 439 ANASTASIO
606 407 925 440 CANCELLARIO
950 409 1183 458 LUCAQIAE
1210 410 1265 441 ET
1292 411 1589 442 BRUTTIORUM

794 460 1003 491 SENATOR
1027 461 1122 492 ΡΡΟ.
1653 481 1713 498 rm,
1730 482 1741 488 -
1769 483 1772 491 ,

1603 491 1632 511 α.
1651 480 1787 521 000f05'7

233 530 402 570 Regeuses
428 528 515 559 cives
540 529 643 559 ultimi
660 529 870 568 Bruttiorum,
895 541 976 571 quos
1001 542 1020 561 a
1039 531 1170 562 Siciliae
1196 541 1329 572 corpore
1356 532 1487 562 violenti
1506 532 1666 573 quondam
1685 533 1782 563 maris
1854 535 1861 562 1

130 583 268 624 impetus
294 580 489 622 segregavit,
515 580 600 611 unde
624 581 736 611 civitas
755 592 867 612 eorum
885 593 1003 613 nomen
1022 583 1149 624 accepit
1166 582 1282 613 divisio
1300 584 1384 613 enim
1402 581 1512 626 ῥήγιον
1530 583 1659 615 Graeca
1676 585 1785 625 lingua

130 634 300 671 vocitatur,
318 632 429 673 iniqua
445 636 624 673 suggerunt
639 636 827 663 exactorum
847 644 880 664 se
900 635 1163 676 praesumptione
1179 635 1320 676 fatigari,
1340 635 1550 676 implorantes
1568 646 1631 666 non
1647 636 1784 671 aurium,
1817 643 1827 660 f·

130 686 186 717 sed
223 685 386 716 oculorum
417 688 598 715 nostrorum
630 687 706 715 nota
737 685 895 719 remedia,
932 686 984 727 qui
1013 697 1186 728 possumus
1219 687 1300 717 scire
1333 687 1529 718 territorium
1561 698 1670 718 eorum
1701 687 1785 728 quod

129 738 249 780 petitur
273 747 336 768 non
361 736 493 767 habere.
541 740 590 768 est
615 737 698 767 enim
724 737 885 767 montanis
910 737 1029 778 lapillis
1055 741 1142 769 terra
1165 739 1340 775 rarissima,
1365 738 1457 769 arida
1481 739 1620 780 pascuis,
1647 739 1705 769 scd
1727 750 1785 769 un-

129 791 210 821 dosa
234 789 418 820 vindemiis:
452 789 619 830 segetibus
644 789 797 825 adversa,
822 789 879 820 sed
904 790 998 820 olivis
1024 790 1248 821 accommoda:
1280 794 1312 820 et
1337 790 1409 821 ideo
1436 790 1564 821 cultura
1588 791 1658 821 eius
1684 791 1787 821 omnis

129 843 161 873 in
186 841 322 873 sarculis
348 844 407 878 est,
434 841 508 882 quia
532 841 720 882 superficies
746 841 846 882 ipsius
872 841 958 872 sicca
983 843 1107 873 nutrire
1133 853 1195 873 non
1221 843 1308 873 valet
1333 853 1473 884 superne
1498 844 1675 874 nascentia.
1721 847 1786 874 ter-

130 905 207 936 gore
238 893 302 924 illic
333 903 412 934 ager
444 892 548 923 nudus
579 892 736 923 industria
766 893 872 934 potius
902 904 996 934 quam
1028 897 1143 924 natura
1175 895 1320 924 vcstitur.
1374 894 1457 924 Nam
1486 894 1654 926 Palladiae
1687 895 1786 926 silvae
1808 904 1831 920 1⁰
1852 897 1870 925 2

129 945 293 977 viriditate
323 945 507 985 contegitur
537 944 590 986 qui
623 945 655 975 in
686 945 754 975 solo
787 944 988 975 aridissimus
1014 946 1224 987 approbatur.
1271 946 1391 977 talibus
1417 946 1502 977 enim
1528 947 1607 978 locis
1633 947 1686 978 illa
1713 958 1787 988 pro-

129 998 254 1034 ficiunt,
287 1007 369 1038 quae
400 996 562 1027 radicibus
596 996 739 1038 proceris
772 996 811 1026 ad
836 996 924 1027 humi
950 998 1118 1038 penetrale
1143 997 1357 1029 descendunt.
1405 1001 1535 1039 segetes
1560 999 1721 1039 rigantur,
1753 1002 1789 1029 ut

130 1049 240 1080 vivant
271 1052 303 1079 et
328 1048 520 1079 condicione
545 1051 670 1078 mutata
694 1048 753 1078 hoc
778 1048 886 1079 aristis
913 1049 1124 1090 impenditur,
1159 1050 1245 1090 quod
1271 1050 1411 1081 oleribus
1437 1050 1620 1082 exhibetur.
1668 1054 1788 1092 quanta

130 1112 226 1142 seges
259 1103 322 1134 est,
357 1110 439 1141 quac
464 1110 561 1130 manu
587 1099 722 1130 colitur?
771 1111 841 1131 raro
867 1100 933 1131 illic
959 1101 999 1132 ab
1025 1112 1101 1132 area
1127 1102 1215 1132 venit
1239 1102 1358 1132 umeris
1384 1106 1538 1143 gravatus
1564 1103 1720 1143 agricola,
1754 1107 1788 1133 ut

130 1164 192 1184 non
222 1162 345 1183 messes
376 1151 406 1181 in
436 1151 562 1182 horreis
592 1151 762 1192 colligere,
796 1151 852 1182 sed
878 1152 931 1182 vix
956 1153 1061 1193 possit
1085 1153 1210 1194 aliquos
1236 1153 1392 1194 cophinos
1418 1153 1458 1185 de
1484 1165 1609 1185 summa
1632 1154 1783 1186 ubertate
1805 1162 1828 1180 15

131 1204 303 1245 complere.
349 1202 387 1232 In
412 1202 510 1233 hortis
535 1205 643 1233 autem
669 1203 862 1234 rusticorum
889 1214 1006 1244 agmen
1031 1204 1170 1235 habetur
1195 1215 1378 1246 operosum,
1403 1206 1479 1247 quia
1497 1206 1590 1237 holus
1608 1206 1672 1237 illic
1689 1217 1783 1238 omne
1848 1208 1865 1237 3

131 1266 280 1297 saporum
305 1258 353 1285 est
377 1254 452 1285 dum
479 1254 602 1285 marina
626 1255 823 1286 inroratione
849 1266 1050 1297 respersum:
1077 1256 1161 1297 quod
1188 1256 1329 1287 humana
1347 1257 1504 1288 industria
1521 1258 1589 1289 fieri
1607 1258 1785 1296 consuevit,

130 1308 191 1339 hoc
216 1318 288 1338 cum
313 1307 489 1337 nutriretur
513 1307 652 1348 accepit.
698 1311 809 1338 contra
832 1307 1013 1347 Maronis¹l)
1039 1312 1148 1338 autem
1175 1310 1369 1339 sententiam
1394 1309 1571 1340 intiborum
1598 1310 1662 1340 illic
1684 1310 1788 1341 fibrae

130 1359 339 1390 dulcissimae
371 1361 461 1395 sunt,
494 1368 576 1399 quac
607 1359 813 1399 praecinctae
845 1360 931 1390 foliis
961 1360 1116 1391 tortuosis
1146 1360 1268 1391 callosa
1293 1361 1509 1392 teneritudine
1535 1362 1786 1403 conglobantur:

130 1411 215 1443 unde
244 1412 276 1442 in
308 1420 429 1441 morem
455 1410 528 1440 vitri
552 1410 673 1452 aliquid
699 1411 889 1452 decerptum
914 1412 1090 1453 frangitur,
1124 1412 1199 1443 dum
1225 1424 1243 1443 a
1268 1413 1408 1444 fecundo
1434 1413 1556 1455 cespite
1582 1417 1785 1455 segregatur.
1805 1422 1830 1439 2⁵0

130 1463 192 1494 His
222 1462 432 1497 victualibus,
465 1462 489 1492 si
519 1462 567 1492 vis
594 1473 705 1497 nosse.
738 1463 828 1504 regio
854 1463 908 1494 illa
931 1464 1071 1495 fecunda
1096 1468 1161 1496 est:
1196 1476 1270 1496 nam
1295 1470 1326 1495 et
1351 1466 1481 1496 marinis
1507 1465 1630 1496 deliciis
1655 1466 1787 1508 copiosa
1852 1469 1870 1497 4

130 1514 329 1546 iucunditate
355 1514 548 1555 perfruitur,
580 1513 654 1555 quia
678 1515 723 1545 ibi
748 1525 836 1546 mare
862 1526 1038 1557 supernum
1064 1519 1162 1557 atque
1188 1517 1365 1555 infernum,
1392 1517 1520 1548 insertis
1544 1517 1706 1549 frontibus
1731 1518 1787 1549 ad-

130 1569 274 1605 nuatum⁷
299 1565 434 1597 delicias
451 1565 619 1606 utriusque
638 1567 745 1607 pelagi
763 1567 795 1597 in
812 1577 908 1598 unam
927 1568 1216 1609 congregationem
1235 1569 1323 1600 sinus
1342 1570 1391 1600 sui
1409 1569 1612 1600 volubilitate
1629 1569 1786 1611 perducit.

130 1630 266 1650 necesse
304 1622 353 1650 est
389 1618 473 1649 enini
508 1617 575 1648 illic
607 1621 639 1649 et
671 1619 777 1660 pisces
810 1630 1003 1661 properare,
1040 1620 1095 1651 ubi
1128 1624 1256 1652 constat
1287 1625 1320 1652 et
1351 1621 1469 1652 undam
1502 1632 1599 1663 posse
1633 1621 1788 1653 defluere.

131 1670 338 1702 Exormiston
363 1680 508 1711 quoque,
539 1669 623 1701 inter
652 1671 758 1711 pisces
787 1672 910 1712 regium
936 1682 1055 1713 genus,
1088 1683 1220 1714 compar
1245 1674 1386 1705 murenis
1412 1684 1561 1715 corpore,
1596 1673 1653 1704 sed
1679 1674 1787 1704 colore

130 1723 270 1759 distans,
303 1722 435 1753 naribus
467 1722 603 1761 setosis,
638 1723 799 1754 colostrea
831 1723 1078 1755 delicatitudine
1111 1725 1309 1766 praeditum,
1344 1725 1454 1756 oleoso
1485 1736 1522 1756 ac
1548 1726 1639 1756 suavi
1663 1725 1788 1767 liquore

131 1775 347 1815 coagulatum,
372 1773 559 1815 appetibilis
584 1777 741 1816 grataque
764 1775 938 1817 pinguedo,
964 1787 1035 1807 cum
1053 1777 1175 1818 spumis
1193 1777 1426 1808 fluctuantibus
1444 1777 1528 1808 inter
1545 1777 1630 1808 aeris
1648 1777 1788 1808 confinia

131 1827 277 1869 coeperit
301 1829 443 1863 enatare,
468 1827 573 1857 nescit
597 1826 637 1857 ad
663 1828 783 1859 cubilia
808 1828 913 1860 redire
939 1840 1021 1870 quae
1046 1829 1182 1860 deserit:
1209 1829 1306 1861 credo
1332 1833 1387 1860 aut
1404 1829 1573 1860 immemor
1591 1829 1787 1860 reversionis

1853 1676 1870 1703 CJ!

234 1948 477 1980 BZA'KEOEmffl
482 1948 507 1980 J)

234 2025 249 2050 3
269 2027 389 2058 segences
409 2026 441 2056 X,
460 2026 606 2058 rhegienses
627 2025 648 2049 A
740 2025 902 2059 bruttiorum]
924 2027 978 2051 ΒΚ
1061 2027 1176 2060 uiolenti]
1197 2029 1342 2053 uehementi
1364 2029 1398 2058 Il,
1423 2029 1581 2053 uehementis
1603 2028 1643 2052 Η]
1726 2037 1788 2052 mar.

132 2070 189 2102 imp.
213 2078 255 2101 qu.
276 2070 350 2093 HG]
473 2068 489 2093 4
508 2069 595 2101 region
619 2069 745 2100 plerique,
775 2070 862 2101 regioTi
883 2069 914 2099 Β,
942 2071 1075 2103 regionum
1097 2071 1169 2096 HGs*
1297 2072 1313 2095 ἶ)
1333 2076 1442 2096 uocatur
1460 2071 1562 2095 ΚΗΘ]
1646 2071 1743 2103 iniqua]
1764 2072 1790 2096 in

131 2122 182 2145 qua
200 2113 233 2137 H
302 2122 376 2146 sugg.
396 2122 422 2137 se
441 2117 522 2137 exact.
544 2112 674 2143 KBFIA,
692 2116 774 2136 exact.
794 2121 820 2136 se
840 2121 914 2145 sugg.
937 2114 959 2138 G
1034 2115 1183 2147 fatigatione
1204 2116 1409 2147 praesumptione
1430 2115 1478 2144 Za,
1497 2115 1599 2147 fatigari
1619 2123 1699 2147 prueS.
1720 2114 1792 2138 ZbN

183 2165 276 2181 aurum
296 2156 324 2180 F
433 2156 448 2181 6
468 2154 622 2187 nostrorum]
644 2159 728 2180 nostra
750 2155 825 2179 HGI
900 2157 1044 2181 territorum
1065 2158 1089 2181 Z
1201 2157 1214 2182 7
1235 2162 1326 2182 terrain
1347 2158 1503 2182 rarissimam
1524 2158 1557 2181 Η
1667 2157 1683 2182 8
1702 2159 1789 2182 uinde-

133 2207 189 2223 mus
208 2199 248 2223 Βι
379 2198 394 2223 9
414 2197 491 2231 sicea]
519 2199 586 2223 circa
605 2198 678 2223 ΗΘ94
772 2200 870 2224 nutrice
890 2200 930 2223 Β]
1025 2210 1135 2233 superne
1156 2201 1184 2225 Ι(
1275 2200 1383 2233 tergore]
1412 2206 1506 2226 terrore
1526 2201 1561 2231 H,
1590 2206 1654 2226 terre
1673 2203 1725 2226 sore
1747 2202 1790 2225 Ga

132 2241 166 2267 10
184 2250 225 2275 ag.
245 2242 278 2266 ill.
300 2242 344 2266 Na
440 2241 470 2266 ll
490 2240 627 2273 uiriditate]
647 2250 679 2274 po
698 2241 745 2273 (sp.
765 2242 830 2274 vac.)
849 2243 979 2268 uiriditate
999 2243 1022 2267 A
1121 2243 1152 2268 1⁸2
1172 2243 1246 2277 quae]
1266 2245 1309 2276 qui
1330 2244 1357 2267 N
1408 2243 1527 2276 proceris]
1548 2245 1637 2277 paucis
1657 2244 1686 2268 N
1735 2245 1788 2268 irri-

132 2289 227 2318 gantur
246 2285 300 2309 ΕΓ
411 2283 441 2309 13
460 2283 559 2317 uiuant]
579 2288 702 2309 ulnantnr
722 2285 756 2315 II,
775 2285 913 2310 liunientur
934 2286 951 2309 I
1062 2286 1093 2311 14
1113 2286 1216 2319 colitur]
1236 2288 1367 2320 colligitur
1386 2287 1424 2311 Gt
1439 2287 1557 2312 Ouiae-ius
1633 2296 1694 2312 arca
1713 2287 1793 2311 NEF

133 2327 165 2353 15
184 2329 272 2353 messis
289 2328 321 2358 A,
349 2336 444 2353 massas
464 2327 711 2358 BMx'E2FHbGI,
739 2336 835 2353 masses
855 2329 911 2360 Ha,
939 2338 1035 2354 massas
1054 2330 1095 2353 Ει
1197 2331 1326 2363 colligitur
1346 2330 1374 2354 J<
1386 2330 1508 2361 Montiw.
1528 2333 1584 2357 294.
1609 2331 1746 2363 colligatur
1766 2331 1788 2354 A

134 2371 165 2396 16
184 2371 334 2404 compellere
354 2371 386 2395 H
461 2372 521 2403 quia
545 2372 580 2395 ad
605 2370 633 2395 17
654 2380 795 2404 respersum
814 2381 862 2397 om.
883 2372 910 2396 F
988 2373 1041 2397 illic
1059 2382 1106 2397 om.
1127 2373 1151 2397 B
1233 2373 1317 2406 omne]
1338 2375 1378 2398 οὖ
1398 2373 1423 2397 Β
1544 2373 1573 2398 17
1594 2373 1664 2406 dum]
1686 2374 1790 2404 BHGJ,

134 2423 180 2439 om.
193 2415 285 2446 reliqui
344 2415 464 2439 irratione
477 2414 509 2438 H
602 2413 631 2438 13
651 2415 744 2447 accipit
758 2414 810 2439 HG
870 2419 957 2440 contra
970 2415 1093 2448 maronis]
1112 2420 1200 2441 eontra
1219 2418 1329 2441 romanis
1342 2417 1374 2447 B,
1393 2426 1450 2441 curn
1470 2417 1595 2442 maiorum
1612 2417 1652 2441 Ga
1704 2421 1789 2442 autem

133 2466 180 2481 om.
202 2457 276 2481 HGI
329 2457 470 2482 ineiborum
491 2457 620 2487 KEFIW,
639 2458 779 2482 uiriborum
800 2457 835 2488 H,
854 2458 968 2482 uirorum
987 2467 1113 2490 aquarum
1131 2460 1153 2483 G
1249 2459 1279 2484 19
1299 2461 1432 2485 teneritate
1445 2459 1499 2484 HG
1586 2459 1620 2484 ‘20
1639 2460 1664 2484 in
1685 2459 1788 2492 moreni]

134 2501 254 2525 minorem
274 2500 327 2524 HG
403 2499 472 2533 nitri]
493 2501 551 2524 intri
572 2500 603 2524 H
678 2501 807 2525 decertum
827 2499 973 2533 KE²[?]F,
992 2502 1126 2534 deceptum
1146 2502 1199 2526 HG
1219 2503 1270 2533 (hic
1289 2504 1367 2527 litura
1387 2512 1468 2535 supra
1487 2511 1508 2529 c.
1527 2512 1538 2527 r
1558 2503 1642 2527 ailscr.
1662 2511 1742 2535 supra
1761 2503 1787 2535 p]

185 2544 297 2568 secundo
316 2543 340 2567 B
450 2542 482 2567 21
504 2544 551 2567 hiis
572 2543 679 2567 NKEF
751 2545 772 2568 si
792 2546 831 2569 nis
850 2544 933 2576 nosse]
953 2554 1016 2570 suus
1035 2554 1108 2570 nosse
1128 2546 1163 2577 H,
1183 2547 1235 2570 suis
1257 2547 1301 2571 Ga
1408 2546 1441 2571 ⁴22
1460 2555 1580 2579 superum
1601 2547 1625 2570 B
1700 2546 1789 2579 atque]

135 2594 164 2611 :ic
185 2586 207 2610 Α
270 2587 383 2611 fontibus
403 2586 428 2610 E
435 2585 474 2610 ²F
569 2586 602 2611 23
621 2586 855 2620 congregationem]
876 2589 1075 2621 congregatione
1094 2590 1119 2613 in
1139 2589 1163 2613 B
1228 2590 1346 2622 producit
1366 2590 1428 2613 Ga]
1524 2589 1558 2614 25
1577 2591 1718 2614 exoniistou
1738 2589 1791 2620 HJ,

134 2633 286 2654 exonustero
308 2629 329 2653 G
407 2630 474 2661 pices
495 2629 537 2653 K¹
615 2629 667 2661 sed]
691 2631 712 2655 G
731 2631 883 2661 coniectura,
903 2632 944 2656 uel
962 2633 1054 2663 reliqui
1165 2632 1198 2657 *26
1217 2634 1310 2657 seeosis
1330 2633 1358 2657 K
1433 2631 1635 2665 delicatitudine]
1659 2633 1790 2663 BZNEA,

135 2672 305 2697 delicatudine
320 2672 378 2702 KP,
397 2673 507 2697 delicata
525 2674 694 2698 teneritudine
709 2674 960 2699 Iltt'IIffi-neriana
973 2676 1047 2699 editio
1061 2677 1092 2700 ab
1107 2677 1270 2700 Accio-sinna.
1282 2677 1402 2701 recedens
1456 2677 1570 2709 predium
1584 2676 1608 2700 B
1660 2677 1744 2700 oloseo
1758 2676 1790 2706 F,

135 2716 220 2740 oleosa
239 2715 271 2739 H
336 2716 412 2740 licore
431 2715 482 2740 BZ
583 2716 616 2741 27
636 2717 803 2742 fluctnalibus
822 2717 852 2741 N
952 2717 985 2743 ‘28
1004 2718 1120 2751 enatare]
1140 2727 1260 2744 enarrare
1279 2720 1319 2743 Za
1389 2718 1442 2752 aut]
1463 2723 1549 2743 autem
1570 2719 1672 2743 KJIo'J

240 2835 264 2862 1)
285 2837 375 2867 Geory.
390 2836 412 2865 1,
428 2836 489 2861 120:
508 2838 601 2862 amaris
620 2838 701 2862 intiba
722 2838 799 2862 fibris.
