2279 3261
231 395 279 420 501
289 396 343 420 Oct.
360 395 383 420 1.

486 131 546 160 424
924 128 1017 154 ACTA
1037 128 1290 154 SYNHODORVM
1311 128 1528 154 HABITARVM
1550 128 1684 155 ROMAE.

1043 313 1074 342 4.
1119 308 1403 341 PRAECEPTIO
1427 309 1571 341 REGIS.

594 382 642 419 ᾗ.
668 388 886 420 Theodericus
910 398 969 419 rex
992 387 1152 418 universis
1177 387 1338 429 episcopis
1363 387 1402 418 ad
1427 386 1604 429 synhodum
1629 388 1824 419 convocatis.

591 440 754 471 Decuerat
770 440 899 482 quidem
915 438 1150 470 beatitudinem
1167 441 1308 470 vestram
1332 438 1460 470 divinae
1477 438 1732 470 consideratione
1749 440 1952 471 reverentiae
1978 445 2125 474 exortum

489 492 551 522 iam
575 491 665 522 finire
689 491 865 532 negotium,
889 494 924 521 ut
948 491 1040 521 vobis
1065 490 1287 521 ordinantibus
1311 491 1502 521 summoveri
1532 491 1693 532 potuisset
1716 491 1756 522 de
1783 494 1872 522 tanta
1896 493 2025 525 civitate
2051 505 2126 525 con-

459 552 469 568 r.
488 543 583 577 fusio,
607 543 748 573 maxime
772 553 844 573 cum
868 542 1051 584 praeteritis
1075 541 1228 573 affatibus
1245 542 1443 580 iusserimus,
1468 542 1737 584 quemadmodum
1754 547 1862 574 vestro
1887 544 1989 576 visum
2015 545 2128 578 fuisset

448 808 471 825 10

451 1332 475 1349 2¹0

487 594 628 632 arbitrio,
653 598 866 626 memoratum
890 604 946 625 vos
971 593 1143 625 terminare
1168 593 1288 625 debere
1322 596 1502 632 certamen,
1536 593 1708 624 dummodo
1740 605 1774 625 re
1805 595 1863 626 sub
1892 595 1977 627 iusta
2001 597 2126 629 ordina-

487 646 571 676 tione
601 646 692 677 finita
725 646 952 677 dissentientes
980 645 1096 676 unitati
1123 648 1155 676 et
1191 645 1382 676 concordiae
1416 645 1645 683 redderentur,
1681 656 1803 687 nosque
1837 647 1991 679 miramur
2022 648 2127 680 denuo

487 697 588 728 fuisse
620 698 800 735 consultos,
831 708 919 735 cum,
952 698 978 728 si
1002 707 1059 727 nos
1084 696 1122 727 de
1146 697 1309 738 praesenti
1339 700 1414 728 ante
1438 697 1652 728 voluissemus
1676 697 1817 729 iudicare
1847 700 1992 739 negotio,
2017 701 2127 732 habito

489 759 559 779 cum
584 749 770 790 proceribus
795 749 912 780 nostris
936 749 976 780 de
1001 748 1192 790 inquirenda
1224 749 1362 780 veritate
1392 751 1531 779 tractatu
1555 748 1640 779 viam
1671 748 1730 779 deo
1759 750 1888 791 auspice
1912 751 2129 792 potuissemus

490 800 633 832 invenire
658 801 811 839 iustitiae,
836 811 917 842 quae
943 811 1001 832 nec
1025 801 1189 842 praesenti
1214 801 1345 832 saeculo
1376 810 1434 831 nec
1467 800 1592 831 futurae
1616 800 1751 831 forsitan
1776 800 1946 843 displicere
1970 804 2130 844 potuisset

489 852 598 882 aetati.
646 852 701 883 sed
725 853 801 894 quia
828 863 890 883 non
926 856 1070 883 nostrum
1105 852 1317 883 iudicavimus
1348 852 1387 883 de
1419 852 1648 883 ecclesiasticis
1674 851 1795 892 aliquid
1823 862 1955 885 censere
1980 856 2129 896 negotiis,

490 903 627 945 ideoque
651 914 708 935 vos
733 904 771 935 dc
800 904 936 935 diversis
960 904 1137 945 provinciis
1161 904 1296 935 fecimus
1322 904 1465 942 evocari⁷
1490 907 1524 934 ut
1554 903 1612 933 sub
1637 903 1736 934 divini
1760 904 1874 935 timore
1899 905 2006 936 iudicii
2030 908 2129 938 totius

490 955 673 985 certaminis
698 955 788 986 vobis
813 955 1057 997 disponentibus
1091 966 1188 986 causa
1218 956 1369 986 transiret
1400 959 1432 986 et
1459 955 1529 985 urbi
1553 958 1680 985 nostrae
1706 955 1765 986 deo
1789 955 1917 987 favente
1942 960 2051 998 optata
2073 969 2131 1000 per

490 1017 546 1037 vos
572 1007 742 1037 concordia
765 1006 962 1038 redderetur.
1010 1018 1093 1038 nunc
1119 1018 1194 1038 vero
1209 1007 1332 1044 eadem,
1351 1017 1432 1048 quae
1450 1006 1569 1037 dudum
1587 1006 1822 1048 praesentibus,
1847 1008 2033 1040 intimamus
2058 1021 2130 1042 ora-

461 1066 471 1082 r.
492 1058 571 1088 culis
596 1069 654 1088 nos
684 1068 790 1089 coram
821 1058 880 1089 deo
909 1062 941 1089 et
970 1059 1155 1089 hominihus
1189 1059 1414 1092 absolventes,
1447 1061 1482 1088 ut
1513 1068 1642 1088 causam
1673 1058 1740 1093 dei,
1770 1068 1864 1099 quam
1898 1064 2024 1092 vestrae
2054 1072 2129 1093 con-

490 1111 670 1151 gregationi
695 1111 895 1152 amplissimo
927 1114 1041 1142 senatu
1072 1109 1251 1152 [suadente]
1284 1114 1316 1141 ct
1338 1120 1451 1151 pacem
1477 1109 1552 1140 cleri
1584 1113 1733 1150 sperante
1763 1110 1994 1147 commisimus,
2020 1123 2130 1154 quem-

490 1161 662 1193 admodum
687 1162 790 1192 visuin
816 1162 907 1193 vobis
932 1162 1037 1196 fuerit,
1063 1162 1218 1193 ordinetis
1244 1173 1303 1193 nec
1321 1172 1339 1192 a
1356 1162 1448 1192 nobis
1474 1161 1572 1192 vestri
1590 1165 1780 1202 expectetur
1804 1162 1906 1193 forma
1930 1164 2049 1201 iudicii,
2075 1166 2132 1197 sed

492 1224 546 1244 vos
571 1214 710 1255 qualiter
733 1214 845 1249 vultis,
870 1214 1030 1252 ordinate,
1056 1215 1123 1245 sive
1149 1214 1295 1245 discussa
1319 1214 1385 1244 sive
1418 1212 1599 1243 indiscussa
1629 1223 1727 1243 eausa
1757 1214 1896 1254 proferte
1927 1217 2132 1257 sententiam,

493 1266 532 1296 cle
557 1276 619 1307 qua
643 1266 720 1296 estis
751 1266 908 1296 rationem
940 1265 1046 1297 divino
1077 1266 1195 1297 iudicio
1227 1265 1396 1297 reddituri.
1425 1264 1615 1295 dummodo.
1649 1265 1741 1295 sicuti
1770 1276 1867 1306 saepe
1891 1266 2048 1305 diximus,
2073 1269 2133 1301 hoc

495 1317 685 1349 deliberatio
710 1321 818 1348 vestra
842 1317 1023 1359 provideat.
1048 1322 1083 1349 ut
1108 1328 1171 1359 pax
1202 1318 1343 1350 senatui,
1375 1317 1460 1348 clero
1486 1317 1671 1358 populoque
1700 1316 1845 1348 Romano
1876 1318 2024 1350 submota
2048 1322 2133 1352 omni

494 1369 682 1400 confusione
707 1369 871 1401 reddatur.
896 1380 935 1400 ne
961 1380 1033 1411 qua.
1058 1369 1142 1411 quod
1167 1370 1264 1401 absit.
1295 1373 1365 1411 post
1395 1368 1548 1399 iudicium
1577 1368 1671 1399 turba
1699 1371 1755 1399 aut
1779 1369 1887 1410 aliqua
1910 1376 2077 1403 remaneat
2102 1374 2133 1404 in

494 1421 623 1452 civitate
648 1420 818 1451 discordia.
866 1422 913 1451 sin
938 1424 1044 1452 autem
1075 1421 1252 1452 secundum
1284 1420 1435 1451 mandata
1459 1423 1568 1450 nostra
1598 1419 1770 1451 concordia
1799 1421 2038 1454 sacratissimae
2062 1424 2133 1455 urbi

495 1484 513 1504 a
536 1474 626 1504 vobis
650 1473 748 1505 fuerit
772 1474 931 1512 restituta,
957 1474 1029 1505 hine
1053 1474 1248 1505 universitas
1281 1483 1457 1514 agnoscere
1489 1472 1607 1513 poterit
1634 1472 1754 1502 iustum
1785 1472 1867 1503 sacri
1891 1472 2011 1504 ordinis
2036 1476 2132 1506 vestri

496 1526 646 1556 extitisse
671 1525 835 1556 iudicium.

598 1577 696 1608 Orate
722 1587 779 1619 pro
804 1577 907 1615 nobis,
932 1577 1053 1608 domini
1078 1578 1179 1608 sancti
1204 1588 1241 1608 ac
1269 1577 1472 1608 venerabiles
1497 1579 1615 1617 patres.

598 1628 718 1659 Datum
742 1629 802 1660 sub
827 1629 877 1659 die
903 1623 967 1662 iffi.
992 1623 1104 1660 Offib.
1130 1632 1284 1670 regnante
1310 1638 1407 1669 supra
1431 1627 1517 1658 dieto
1542 1627 1689 1658 feliciter.

599 1741 621 1764 A
627 1740 703 1765 BFT

602 1819 611 1842 l
634 1820 777 1851 praeceptio
796 1820 863 1851 regis
883 1819 950 1844 libri.
969 1819 1057 1850 quinta
1083 1819 1160 1843 missa
1185 1819 1216 1842 ad
1236 1819 1360 1850 synodum
1379 1818 1440 1842 add.
1460 1818 1516 1842 edd.
1626 1817 1642 1842 ‘2
1661 1811 1705 1850 ff]
1725 1816 1761 1842 at}
1775 1816 1798 1840 T
1845 1817 2007 1842 theudericus
2017 1818 2050 1847 B,
2067 1819 2137 1843 theo—

497 1862 597 1886 doricus
608 1862 640 1892 A,
659 1863 803 1887 teudoricus
819 1862 846 1889 Τ,
864 1863 1002 1886 tendirieus
1015 1861 1042 1885 F
1075 1862 1170 1894 synodo
1187 1862 1209 1885 T
1291 1861 1307 1886 3
1326 1862 1489 1886 beatudinem
1501 1862 1539 1885 Aa
1592 1861 1806 1886 considerat-iones
1822 1860 1848 1890 T,
1871 1861 2078 1886 considerationis
2088 1862 2142 1886 AF

549 1906 718 1930 reuerentiam
730 1905 754 1929 B
874 1904 890 1929 4
909 1905 1055 1929 submoneri
1068 1905 1100 1935 B,
1127 1905 1276 1929 summoniri
1293 1905 1319 1934 T,
1349 1905 1502 1929 submouere
1514 1904 1541 1928 F
1625 1904 1744 1936 potuissit
1762 1903 1785 1927 T
1867 1907 1951 1928 tantae
1963 1904 1985 1927 11
2074 1905 2138 1929 ciui-

498 1953 573 1973 tatem
592 1949 613 1972 Β
729 1950 744 1972 ι’)
763 1949 895 1973 affectibus
913 1949 934 1972 T
1009 1949 1161 1973 insseremus
1175 1948 1202 1972 F
1279 1947 1373 1980 nestro]
1388 1949 1420 1977 Al,
1439 1952 1551 1972 uestrum
1564 1947 1643 1971 BFT
1717 1945 1810 1978 uisum]
1831 1956 1854 1971 ιι.
1874 1950 1912 1971 est
1923 1947 1950 1971 F
2026 1948 2104 1972 fuisse
2114 1949 2138 1972 A

498 1992 513 2017 fi
532 1992 725 2016 arbitriinnssT
807 1993 938 2016 dommodo
955 1992 977 2015 T
1060 1990 1094 2023 re]
1115 2000 1166 2016 rem
1188 1991 1292 2015 ABFT
1376 1992 1434 2016 iusti
1450 1991 1473 2014 Β
1595 1989 1608 2014 7
1628 1989 1707 2021 finita]
1732 1991 1804 2014 unita
1814 1989 1841 2014 F
1924 1990 2104 2015 dissensientes
2120 1991 2143 2015 T

552 2036 648 2059 unitate
665 2035 688 2058 B
775 2036 902 2059 concordii
922 2035 945 2058 T
1034 2033 1141 2066 nosque]
1170 2035 1272 2066 scripsi,
1300 2039 1434 2067 postquam
1446 2033 1529 2059 AFT.
1559 2042 1633 2065 quam
1653 2033 1676 2057 B
1763 2033 1840 2057 dinuo
1863 2032 1886 2056 Τ
2000 2031 2016 2056 8
2039 2034 2138 2058 consul-

499 2077 549 2110 tos]
561 2078 592 2109 A,
613 2079 743 2103 consultus
755 2078 812 2105 FT,
831 2079 975 2103 consultum
987 2078 1011 2101 B
1089 2076 1157 2110 cum]
1177 2079 1229 2102 ffffi
1241 2078 1265 2101 B
1351 2079 1371 2101 si
1391 2076 1445 2109 nos]
1466 2078 1536 2101 sinus
1547 2077 1580 2107 B,
1598 2085 1674 2101 senus
1686 2076 1713 2100 F
1795 2076 1952 2100 uoluisemus
1963 2075 1991 2100 F
2074 2077 2138 2101 iudi-

501 2120 569 2153 care]
589 2122 706 2154 indegare
718 2121 742 2145 B
819 2122 948 2154 negotium
960 2121 1039 2145 ΑΒΓ
1115 2122 1206 2145 habeto
1222 2121 1245 2144 T
1353 2122 1369 2144 9
1388 2125 1497 2145 tractatu
1527 2118 1604 2151 uiam]
1628 2123 1763 2144 tractatum
1789 2120 1858 2144 uiam
1872 2118 1905 2149 F,
1929 2122 2009 2143 tracto
2029 2119 2096 2144 uiam
2106 2119 2138 2149 B,

501 2169 525 2189 et
543 2165 695 2189 traotubiam
707 2165 739 2195 A,
757 2168 861 2189 tractato
881 2165 904 2188 T
950 2173 1058 2196 auspece
1076 2165 1101 2195 T,
1120 2165 1203 2196 ospice
1215 2164 1247 2194 F,
1270 2163 1433 2196 auspicereB
1486 2163 1650 2195 potuissimus
1663 2163 1691 2187 F
1792 2161 1824 2186 10
1843 2161 1916 2194 quae]
1937 2163 1980 2193 qui
1993 2162 2020 2186 F
2068 2171 2139 2195 prae-

501 2207 574 2239 senti]
603 2211 735 2239 praesente
751 2207 782 2237 B,
806 2208 945 2239 praesentia
966 2208 991 2237 T,
1015 2208 1169 2240 praesentias
1184 2207 1211 2231 F
1294 2207 1388 2232 saeculi
1402 2207 1429 2231 F
1512 2207 1604 2231 futuris
1616 2206 1647 2235 F,
1673 2207 1786 2230 futurum
1802 2205 1829 2235 T,
1853 2206 1938 2229 futuro
1957 2205 1981 2228 B
2068 2206 2139 2230 sorsi-

501 2256 551 2275 tam
562 2251 586 2275 B
672 2251 822 2282 displicuere
834 2251 888 2274 BT
970 2251 1087 2282 prmuissit
1106 2251 1129 2274 Τ
1212 2250 1240 2274 11
1262 2251 1357 2275 censeri
1372 2250 1403 2281 F,
1422 2250 1513 2275 censii-i
1530 2249 1553 2273 T
1670 2247 1787 2280 negotiis]
1815 2249 1922 2280 negotiis
1944 2249 1974 2272 de
1997 2249 2105 2281 negotiis
2121 2249 2145 2272 T

504 2294 534 2318 12
553 2295 583 2318 de
602 2303 648 2318 ona.
660 2294 687 2318 F
753 2302 860 2319 euocare
878 2294 901 2317 T
966 2293 1023 2324 suh]
1042 2303 1099 2318 cum
1111 2294 1164 2323 Fa,
1182 2302 1239 2318 cum
1259 2294 1306 2318 snb
1318 2293 1361 2318 Fb
1432 2293 1519 2317 diuino
1531 2292 1611 2316 ΛΒΤ
1710 2291 1741 2315 13
1760 2292 1877 2316 transiret
1895 2289 1929 2323 et]
1948 2291 2055 2316 transire
2074 2295 2099 2316 et
2108 2291 2141 2323 B,

503 2338 630 2362 transierit
642 2337 695 2361 FT
760 2338 822 2362 urhe
842 2338 866 2365 Τ,
887 2337 960 2361 ubrbi
972 2337 996 2361 B
1066 2336 1175 2368 nostrae]
1196 2346 1246 2361 non
1257 2336 1281 2360 B
1351 2345 1394 2368 pro
1408 2336 1435 2360 F
1528 2335 1560 2360 14
1579 2344 1639 2360 uere
1657 2335 1680 2358 Τ
1746 2335 1895 2360 intimamur
1908 2333 1962 2358 BT
2048 2333 2080 2358 15
2098 2334 2140 2359 ab·

503 2381 625 2405 §cluentis
636 2380 663 2404 F
729 2388 804 2411 quem
817 2380 838 2403 ,1
912 2385 1021 2404 nestram
1042 2380 1064 2403 T
1148 2379 1179 2403 16
1198 2380 1395 2412 congregatione
1407 2378 1438 2409 F,
1456 2379 1678 2411 congregationem
1694 2377 1716 2401 T
1781 2377 1960 2410 amplissimam
1978 2377 2002 2400 T
2066 2376 2141 2408 s(a)e-

503 2428 563 2448 nato
580 2423 658 2447 ΑΒΓ
733 2424 853 2447 suadente
873 2423 964 2447 addidi
1034 2427 1057 2447 et
1076 2431 1122 2447 om.
1138 2423 1165 2446 F
1232 2431 1293 2454 pace
1307 2422 1386 2446 AFT
1452 2422 1535 2446 elerici
1559 2424 1675 2453 sperante
1691 2421 1717 2451 T,
1742 2421 1840 2445 clericis
1857 2425 1974 2452 sperante
1988 2420 2020 2450 B,
2044 2420 2141 2445 clericis

503 2471 622 2500 operante
632 2466 659 2491 F
742 2466 918 2490 commisemus
930 2466 957 2490 F
1041 2464 1263 2497 quemadmodum]
1283 2465 1432 2497 quemadmn
1443 2464 1466 2488 A
1477 2465 1484 2479 ¹
1599 2463 1629 2488 17
1650 2464 1733 2488 uisum
1754 2472 1800 2488 om.
1814 2463 1838 2487 B
1924 2464 2044 2488 ordinetis
2062 2471 2109 2488 nec
2126 2471 2142 2488 a

504 2511 576 2535 nobis
595 2510 678 2540 (uobis
688 2508 734 2541 F)]
755 2518 777 2533 n.
798 2518 821 2534 a.
841 2518 865 2533 n.
885 2510 935 2533 ord.
956 2509 979 2532 T
1044 2509 1135 2533 uestris
1154 2509 1315 2541 spectetur-1
1387 2510 1468 2532 turma
1486 2507 1509 2531 T
1617 2505 1649 2531 18
1667 2505 1722 2538 uos]
1741 2507 1816 2531 uobis
1830 2506 1852 2530 A
1928 2507 1982 2531 siue
2000 2507 2142 2531 indiscussa

505 2552 593 2585 eausa]
613 2554 667 2577 siue
686 2553 828 2577 indiscussa
846 2560 923 2576 causa
941 2552 995 2576 siue
1015 2551 1040 2582 T,
1076 2560 1156 2576 causa
1175 2553 1230 2576 siue
1253 2552 1310 2581 (om.
1330 2551 1482 2580 indiscussa)
1500 2550 1532 2580 B,
1551 2558 1628 2574 eausa
1653 2550 1710 2580 (om.
1729 2550 1784 2574 siue
1803 2549 1863 2580 ind.)
1875 2548 1902 2573 F
1990 2549 2146 2581 proferiteF

505 2597 632 2621 sententia
649 2596 672 2619 T
773 2595 803 2619 19
821 2595 919 2619 ratione
934 2595 988 2618 AT
1035 2595 1122 2619 diuino
1142 2594 1245 2625 iudicio]
1265 2598 1325 2619 ante
1344 2595 1418 2619 deum
1439 2594 1524 2618 iudicii
1535 2593 1559 2617 B
1611 2593 1736 2617 reddeturi
1752 2592 1776 2616 T
1823 2592 1903 2617 secuti
1914 2591 1969 2615 FT
2049 2591 2084 2616 20
2101 2592 2141 2617 de-

505 2640 654 2665 liberatione
668 2639 695 2663 F
761 2639 860 2662 sanatui
874 2638 898 2662 B
967 2638 1091 2662 submoda
1102 2637 1130 2661 F
1196 2646 1269 2662 omne
1286 2638 1309 2661 T
1425 2636 1456 2661 21
1476 2635 1536 2668 qua]
1556 2644 1631 2667 quam
1642 2635 1670 2659 F
1735 2635 1802 2667 quod
1827 2636 1892 2660 absit
1914 2632 1980 2667 post]
2003 2643 2053 2666 quo
2071 2634 2143 2658 dabit

506 2683 572 2715 possi
584 2682 607 2706 B
687 2680 720 2706 22
739 2681 900 2706 sacratissimi
911 2681 939 2704 F
988 2681 1051 2705 urbe
1068 2679 1091 2704 T
1179 2680 1213 2705 23
1232 2680 1301 2705 hunc
1320 2680 1400 2704 BFT
1438 2687 1578 2712 agnuscere
1596 2679 1620 2702 T
1656 2679 1765 2710 potuerit
1780 2678 1804 2702 T
1843 2678 1920 2702 sacris
1930 2676 1969 2701 A*J
2006 2677 2097 2702 uestris
2108 2677 2141 2707 A,

506 2725 666 2754 uestraeB³‚
701 2725 755 2749 ueri
770 2724 793 2748 T
875 2723 909 2748 24
928 2725 1046 2749 extetisse
1056 2723 1088 2754 F,
1123 2725 1252 2748 extetisset
1268 2724 1291 2747 T
1356 2723 1389 2747 25
1408 2724 1515 2748 dominis
1527 2722 1550 2746 A
1595 2721 1716 2747 fratresA
1731 2756 1764 2759 —
1787 2720 1819 2746 26
1839 2724 2056 2757 regnalffisupra
2075 2720 2141 2744 dieto

508 2768 623 2801 feliciter]
657 2777 706 2801 reg.
732 2768 786 2792 snd.
814 2768 859 2792 ecl.
883 2773 914 2801 qs
926 2768 958 2799 A,
977 2760 1039 2799 reg—n
1069 2765 1127 2791 sind
1150 2766 1205 2791 ecel
1224 2776 1253 2791 us
1265 2767 1296 2797 B,
1322 2775 1430 2799 regnum
1453 2764 1527 2791 sinod
1553 2764 1608 2790 ecel
1632 2773 1661 2789 us
1677 2765 1709 2795 F,
1727 2772 1789 2796 regn
1808 2764 1897 2796 synodi
1917 2764 1991 2788 ecclsi
2010 2771 2056 2787 uos
2071 2762 2095 2786 T
