<?xml version="1.0" encoding="UTF-8"?>
<!DOCTYPE html PUBLIC "-//W3C//DTD XHTML 1.0 Transitional//EN"
    "http://www.w3.org/TR/xhtml1/DTD/xhtml1-transitional.dtd">
<html xmlns="http://www.w3.org/1999/xhtml" xml:lang="en" lang="en">
 <head>
  <title>
</title>
<meta http-equiv="Content-Type" content="text/html;charset=utf-8" />
  <meta name='ocr-system' content='tesseract 3.04.00' />
  <meta name='ocr-capabilities' content='ocr_page ocr_carea ocr_par ocr_line ocrx_word'/>
</head>
<body>
  <div class='ocr_page' id='page_1' title='image "./cassiodorisenato00cass_0476.png"; bbox 0 0 2279 3261; ppageno 0'>
   <div class='ocr_carea' id='block_1_1' title="bbox 360 907 376 934">
    <p class='ocr_par' dir='ltr' id='par_1_1' title="bbox 360 907 376 934">
     <span class='ocr_line' id='line_1_1' title="bbox 360 907 376 934; baseline 0.125 -2"><span class='ocrx_word' id='word_1_1' title='bbox 360 907 376 934; x_wconf 79' lang='lat'><strong>3</strong></span> 
     </span>
    </p>
   </div>
   <div class='ocr_carea' id='block_1_2' title="bbox 372 1890 389 1918">
    <p class='ocr_par' dir='ltr' id='par_1_2' title="bbox 372 1890 389 1918">
     <span class='ocr_line' id='line_1_2' title="bbox 372 1890 389 1918; baseline 0 -1"><span class='ocrx_word' id='word_1_2' title='bbox 372 1890 389 1918; x_wconf 81' lang='lat' dir='ltr'>ss</span> 
     </span>
    </p>
   </div>
   <div class='ocr_carea' id='block_1_3' title="bbox 433 174 1357 214">
    <p class='ocr_par' dir='ltr' id='par_1_3' title="bbox 433 174 1357 214">
     <span class='ocr_line' id='line_1_3' title="bbox 433 174 1357 214; baseline -0.015 0"><span class='ocrx_word' id='word_1_3' title='bbox 433 184 494 214; x_wconf 75' lang='lat'>286</span> <span class='ocrx_word' id='word_1_4' title='bbox 1146 174 1357 201; x_wconf 80' lang='lat' dir='ltr'>CASSIODoRJ</span> 
     </span>
    </p>
   </div>
   <div class='ocr_carea' id='block_1_4' title="bbox 756 330 2077 465">
    <p class='ocr_par' dir='ltr' id='par_1_4' title="bbox 756 330 2077 465">
     <span class='ocr_line' id='line_1_4' title="bbox 1214 330 1306 361; baseline 0.011 -1"><span class='ocrx_word' id='word_1_5' title='bbox 1214 330 1306 361; x_wconf 87' lang='lat' dir='ltr'>XXI.</span> 
     </span>
     <span class='ocr_line' id='line_1_5' title="bbox 756 415 2077 465; baseline -0.002 -16"><span class='ocrx_word' id='word_1_6' title='bbox 756 417 949 449; x_wconf 77' lang='lat' dir='ltr'>SENATUI</span> <span class='ocrx_word' id='word_1_7' title='bbox 973 416 1106 447; x_wconf 79' lang='lat' dir='ltr'>URBIS</span> <span class='ocrx_word' id='word_1_8' title='bbox 1132 416 1288 447; x_wconf 84' lang='lat' dir='ltr'><strong>ROMAE</strong></span> <span class='ocrx_word' id='word_1_9' title='bbox 1313 415 1634 447; x_wconf 80' lang='lat' dir='ltr'><strong>ATHALARICUS</strong></span> <span class='ocrx_word' id='word_1_10' title='bbox 1659 415 1760 447; x_wconf 85' lang='lat' dir='ltr'><strong>REX.</strong></span> <span class='ocrx_word' id='word_1_11' title='bbox 1925 445 1949 465; x_wconf 40' lang='lat' dir='ltr'>C·</span> <span class='ocrx_word' id='word_1_12' title='bbox 1967 445 1995 465; x_wconf 31' lang='lat' dir='ltr'>a,</span> <span class='ocrx_word' id='word_1_13' title='bbox 2016 436 2077 464; x_wconf 66' lang='lat'>533</span> 
     </span>
    </p>
   </div>
   <div class='ocr_carea' id='block_1_5' title="bbox 436 485 2082 631">
    <p class='ocr_par' dir='ltr' id='par_1_5' title="bbox 436 485 2082 631">
     <span class='ocr_line' id='line_1_6' title="bbox 537 485 2079 527; baseline -0.003 -6"><span class='ocrx_word' id='word_1_14' title='bbox 537 491 691 521; x_wconf 85' lang='lat' dir='ltr'>Filiorum</span> <span class='ocrx_word' id='word_1_15' title='bbox 717 499 832 519; x_wconf 82' lang='lat' dir='ltr'>causas</span> <span class='ocrx_word' id='word_1_16' title='bbox 856 488 925 517; x_wconf 88' lang='lat' dir='ltr'>iure</span> <span class='ocrx_word' id='word_1_17' title='bbox 943 486 982 517; x_wconf 83' lang='lat' dir='ltr'>ad</span> <span class='ocrx_word' id='word_1_18' title='bbox 999 489 1127 527; x_wconf 87' lang='lat' dir='ltr'>patrum</span> <span class='ocrx_word' id='word_1_19' title='bbox 1146 485 1372 526; x_wconf 77' lang='lat' dir='ltr'>cognoscimur</span> <span class='ocrx_word' id='word_1_20' title='bbox 1388 485 1553 515; x_wconf 79' lang='lat' dir='ltr'>remisisse</span> <span class='ocrx_word' id='word_1_21' title='bbox 1570 495 1737 525; x_wconf 70' lang='lat' dir='ltr'>personas,</span> <span class='ocrx_word' id='word_1_22' title='bbox 1762 489 1797 515; x_wconf 93' lang='lat' dir='ltr'>ut</span> <span class='ocrx_word' id='word_1_23' title='bbox 1815 486 1876 526; x_wconf 87' lang='lat' dir='ltr'>ipsi</span> <span class='ocrx_word' id='word_1_24' title='bbox 1893 485 1932 516; x_wconf 88' lang='lat' dir='ltr'>de</span> <span class='ocrx_word' id='word_1_25' title='bbox 1951 486 2079 517; x_wconf 92' lang='lat' dir='ltr'>illorum</span> 
     </span>
     <span class='ocr_line' id='line_1_7' title="bbox 436 536 2079 585; baseline -0.003 -12"><span class='ocrx_word' id='word_1_26' title='bbox 436 546 591 585; x_wconf 86' lang='lat' dir='ltr'>provectu</span> <span class='ocrx_word' id='word_1_27' title='bbox 622 541 763 571; x_wconf 88' lang='lat' dir='ltr'>debeant</span> <span class='ocrx_word' id='word_1_28' title='bbox 795 539 951 579; x_wconf 63' lang='lat' dir='ltr'>cogitare.</span> <span class='ocrx_word' id='word_1_29' title='bbox 985 548 1120 579; x_wconf 89' lang='lat' dir='ltr'>quorum</span> <span class='ocrx_word' id='word_1_30' title='bbox 1153 538 1288 568; x_wconf 87' lang='lat' dir='ltr'>interest</span> <span class='ocrx_word' id='word_1_31' title='bbox 1319 536 1425 567; x_wconf 80' lang='lat' dir='ltr'>studia</span> <span class='ocrx_word' id='word_1_32' title='bbox 1455 536 1603 567; x_wconf 86' lang='lat' dir='ltr'>Romana</span> <span class='ocrx_word' id='word_1_33' title='bbox 1635 536 1803 577; x_wconf 89' lang='lat' dir='ltr'>proficere.</span> <span class='ocrx_word' id='word_1_34' title='bbox 1857 548 1960 578; x_wconf 88' lang='lat' dir='ltr'>neque</span> <span class='ocrx_word' id='word_1_35' title='bbox 1994 538 2079 568; x_wconf 89' lang='lat' dir='ltr'>enim</span> 
     </span>
     <span class='ocr_line' id='line_1_8' title="bbox 437 587 2082 631; baseline -0.003 -6"><span class='ocrx_word' id='word_1_36' title='bbox 437 594 632 625; x_wconf 89' lang='lat' dir='ltr'>credendum</span> <span class='ocrx_word' id='word_1_37' title='bbox 663 596 711 622; x_wconf 89' lang='lat' dir='ltr'>est</span> <span class='ocrx_word' id='word_1_38' title='bbox 740 602 795 622; x_wconf 88' lang='lat' dir='ltr'>vos</span> <span class='ocrx_word' id='word_1_39' title='bbox 825 591 899 621; x_wconf 86' lang='lat' dir='ltr'>inde</span> <span class='ocrx_word' id='word_1_40' title='bbox 932 601 1027 631; x_wconf 86' lang='lat' dir='ltr'>posse</span> <span class='ocrx_word' id='word_1_41' title='bbox 1063 590 1168 619; x_wconf 88' lang='lat' dir='ltr'>minus</span> <span class='ocrx_word' id='word_1_42' title='bbox 1202 600 1273 619; x_wconf 90' lang='lat' dir='ltr'>esse</span> <span class='ocrx_word' id='word_1_43' title='bbox 1305 588 1471 623; x_wconf 77' lang='lat' dir='ltr'>sollicitos,</span> <span class='ocrx_word' id='word_1_44' title='bbox 1506 587 1591 618; x_wconf 88' lang='lat' dir='ltr'>unde</span> <span class='ocrx_word' id='word_1_45' title='bbox 1624 591 1655 618; x_wconf 88' lang='lat' dir='ltr'>et</span> <span class='ocrx_word' id='word_1_46' title='bbox 1685 588 1795 628; x_wconf 79' lang='lat' dir='ltr'>generi</span> <span class='ocrx_word' id='word_1_47' title='bbox 1826 592 1933 619; x_wconf 81' lang='lat' dir='ltr'>vestro</span> <span class='ocrx_word' id='word_1_48' title='bbox 1963 590 2082 620; x_wconf 89' lang='lat' dir='ltr'>crescit</span> 
     </span>
    </p>
   </div>
   <div class='ocr_carea' id='block_1_6' title="bbox 407 639 2081 684">
    <p class='ocr_par' dir='ltr' id='par_1_6' title="bbox 407 639 2081 684">
     <span class='ocr_line' id='line_1_9' title="bbox 407 639 2081 684; baseline -0.002 -8"><span class='ocrx_word' id='word_1_49' title='bbox 407 655 417 671; x_wconf 62' lang='lat'><strong>⁵</strong></span> <span class='ocrx_word' id='word_1_50' title='bbox 439 650 570 677; x_wconf 81' lang='lat' dir='ltr'>ornatus</span> <span class='ocrx_word' id='word_1_51' title='bbox 589 648 621 675; x_wconf 85' lang='lat' dir='ltr'>et</span> <span class='ocrx_word' id='word_1_52' title='bbox 638 644 744 675; x_wconf 86' lang='lat' dir='ltr'>coetui</span> <span class='ocrx_word' id='word_1_53' title='bbox 765 643 913 684; x_wconf 86' lang='lat' dir='ltr'>provenit</span> <span class='ocrx_word' id='word_1_54' title='bbox 937 641 1068 672; x_wconf 85' lang='lat' dir='ltr'>assidua</span> <span class='ocrx_word' id='word_1_55' title='bbox 1091 641 1230 672; x_wconf 85' lang='lat' dir='ltr'>lectione</span> <span class='ocrx_word' id='word_1_56' title='bbox 1257 640 1437 671; x_wconf 87' lang='lat' dir='ltr'>consilium.</span> <span class='ocrx_word' id='word_1_57' title='bbox 1476 650 1578 681; x_wconf 89' lang='lat' dir='ltr'>nuper</span> <span class='ocrx_word' id='word_1_58' title='bbox 1603 639 1771 680; x_wconf 75' lang='lat' dir='ltr'>siquidem,</span> <span class='ocrx_word' id='word_1_59' title='bbox 1795 643 1830 670; x_wconf 92' lang='lat' dir='ltr'>ut</span> <span class='ocrx_word' id='word_1_60' title='bbox 1854 644 1904 671; x_wconf 89' lang='lat' dir='ltr'>est</span> <span class='ocrx_word' id='word_1_61' title='bbox 1927 640 1966 671; x_wconf 92' lang='lat' dir='ltr'>de</span> <span class='ocrx_word' id='word_1_62' title='bbox 1991 640 2081 672; x_wconf 87' lang='lat' dir='ltr'>vobis</span> 
     </span>
    </p>
   </div>
   <div class='ocr_carea' id='block_1_7' title="bbox 400 912 423 928">
    <p class='ocr_par' dir='ltr' id='par_1_7' title="bbox 400 912 423 928">
     <span class='ocr_line' id='line_1_10' title="bbox 400 912 423 928; baseline -0.087 0"><span class='ocrx_word' id='word_1_63' title='bbox 400 912 423 928; x_wconf 82' lang='lat' dir='ltr'>lo</span> 
     </span>
    </p>
   </div>
   <div class='ocr_carea' id='block_1_8' title="bbox 438 691 2090 1146">
    <p class='ocr_par' dir='ltr' id='par_1_8' title="bbox 438 691 2090 1146">
     <span class='ocr_line' id='line_1_11' title="bbox 439 691 2082 736; baseline -0.003 -8"><span class='ocrx_word' id='word_1_64' title='bbox 439 709 513 728; x_wconf 82' lang='lat' dir='ltr'>cura</span> <span class='ocrx_word' id='word_1_65' title='bbox 534 700 645 727; x_wconf 83' lang='lat' dir='ltr'>nostra</span> <span class='ocrx_word' id='word_1_66' title='bbox 667 696 814 728; x_wconf 86' lang='lat' dir='ltr'>sollicita.</span> <span class='ocrx_word' id='word_1_67' title='bbox 840 693 1040 736; x_wconf 87' lang='lat' dir='ltr'>quorundam</span> <span class='ocrx_word' id='word_1_68' title='bbox 1064 693 1283 723; x_wconf 79' lang='lat' dir='ltr'>susurratione</span> <span class='ocrx_word' id='word_1_69' title='bbox 1302 692 1509 732; x_wconf 80' lang='lat' dir='ltr'>cognovimus</span> <span class='ocrx_word' id='word_1_70' title='bbox 1527 691 1674 721; x_wconf 89' lang='lat' dir='ltr'>doctores</span> <span class='ocrx_word' id='word_1_71' title='bbox 1693 692 1897 732; x_wconf 75' lang='lat' dir='ltr'>eloquentiae</span> <span class='ocrx_word' id='word_1_72' title='bbox 1915 692 2082 723; x_wconf 78' lang='lat' dir='ltr'>Romanae</span> 
     </span>
     <span class='ocr_line' id='line_1_12' title="bbox 439 743 2082 787; baseline -0.003 -8"><span class='ocrx_word' id='word_1_73' title='bbox 439 749 557 780; x_wconf 89' lang='lat' dir='ltr'>laboris</span> <span class='ocrx_word' id='word_1_74' title='bbox 582 749 630 778; x_wconf 90' lang='lat' dir='ltr'>sui</span> <span class='ocrx_word' id='word_1_75' title='bbox 655 747 830 777; x_wconf 79' lang='lat' dir='ltr'>constituta.</span> <span class='ocrx_word' id='word_1_76' title='bbox 854 746 1000 787; x_wconf 84' lang='lat' dir='ltr'>praemia</span> <span class='ocrx_word' id='word_1_77' title='bbox 1024 755 1087 775; x_wconf 92' lang='lat' dir='ltr'>non</span> <span class='ocrx_word' id='word_1_78' title='bbox 1112 745 1232 775; x_wconf 86' lang='lat' dir='ltr'>habere</span> <span class='ocrx_word' id='word_1_79' title='bbox 1251 748 1282 774; x_wconf 91' lang='lat' dir='ltr'>et</span> <span class='ocrx_word' id='word_1_80' title='bbox 1299 744 1479 784; x_wconf 88' lang='lat' dir='ltr'>aliquorum</span> <span class='ocrx_word' id='word_1_81' title='bbox 1497 743 1731 773; x_wconf 79' lang='lat' dir='ltr'>nundinatione</span> <span class='ocrx_word' id='word_1_82' title='bbox 1748 743 1827 781; x_wconf 84' lang='lat' dir='ltr'>fieri⁷</span> <span class='ocrx_word' id='word_1_83' title='bbox 1852 747 1886 773; x_wconf 89' lang='lat' dir='ltr'>ut</span> <span class='ocrx_word' id='word_1_84' title='bbox 1903 744 2082 775; x_wconf 85' lang='lat' dir='ltr'>scholarum</span> 
     </span>
     <span class='ocr_line' id='line_1_13' title="bbox 438 795 2083 841; baseline -0.003 -10"><span class='ocrx_word' id='word_1_85' title='bbox 438 801 599 841; x_wconf 75' lang='lat' dir='ltr'>magistris</span> <span class='ocrx_word' id='word_1_86' title='bbox 617 800 771 840; x_wconf 84' lang='lat' dir='ltr'>deputata</span> <span class='ocrx_word' id='word_1_87' title='bbox 791 808 916 828; x_wconf 89' lang='lat' dir='ltr'>summa</span> <span class='ocrx_word' id='word_1_88' title='bbox 933 797 1082 827; x_wconf 80' lang='lat' dir='ltr'>videatur</span> <span class='ocrx_word' id='word_1_89' title='bbox 1098 795 1251 826; x_wconf 85' lang='lat' dir='ltr'>imminui.</span> <span class='ocrx_word' id='word_1_90' title='bbox 1293 795 1508 836; x_wconf 62' lang='lat' dir='ltr'>Quapropten</span> <span class='ocrx_word' id='word_1_91' title='bbox 1533 805 1603 825; x_wconf 89' lang='lat' dir='ltr'>cum</span> <span class='ocrx_word' id='word_1_92' title='bbox 1621 795 1830 825; x_wconf 88' lang='lat' dir='ltr'>manifestum</span> <span class='ocrx_word' id='word_1_93' title='bbox 1848 795 1889 825; x_wconf 91' lang='lat' dir='ltr'>sit</span> <span class='ocrx_word' id='word_1_94' title='bbox 1906 796 2083 836; x_wconf 85' lang='lat' dir='ltr'>praemium</span> 
     </span>
     <span class='ocr_line' id='line_1_14' title="bbox 440 847 2085 889; baseline -0.002 -6"><span class='ocrx_word' id='word_1_95' title='bbox 440 857 525 883; x_wconf 82' lang='lat' dir='ltr'>artes</span> <span class='ocrx_word' id='word_1_96' title='bbox 555 852 693 882; x_wconf 88' lang='lat' dir='ltr'>nutrire.</span> <span class='ocrx_word' id='word_1_97' title='bbox 725 850 815 880; x_wconf 88' lang='lat' dir='ltr'>nefas</span> <span class='ocrx_word' id='word_1_98' title='bbox 846 849 1058 879; x_wconf 84' lang='lat' dir='ltr'>iudicavimus</span> <span class='ocrx_word' id='word_1_99' title='bbox 1088 848 1272 878; x_wconf 91' lang='lat' dir='ltr'>doctoribus</span> <span class='ocrx_word' id='word_1_100' title='bbox 1301 847 1558 878; x_wconf 86' lang='lat' dir='ltr'>adulescentium</span> <span class='ocrx_word' id='word_1_101' title='bbox 1587 847 1706 888; x_wconf 88' lang='lat' dir='ltr'>aliquid</span> <span class='ocrx_word' id='word_1_102' title='bbox 1737 847 1896 882; x_wconf 70' lang='lat' dir='ltr'>subtrahi,</span> <span class='ocrx_word' id='word_1_103' title='bbox 1928 849 1979 889; x_wconf 93' lang='lat' dir='ltr'>qui</span> <span class='ocrx_word' id='word_1_104' title='bbox 2011 852 2085 879; x_wconf 85' lang='lat' dir='ltr'>sunt</span> 
     </span>
     <span class='ocr_line' id='line_1_15' title="bbox 442 898 2083 945; baseline -0.001 -14"><span class='ocrx_word' id='word_1_105' title='bbox 442 904 550 945; x_wconf 84' lang='lat' dir='ltr'>potius</span> <span class='ocrx_word' id='word_1_106' title='bbox 575 903 615 933; x_wconf 87' lang='lat' dir='ltr'>ad</span> <span class='ocrx_word' id='word_1_107' title='bbox 641 903 781 943; x_wconf 86' lang='lat' dir='ltr'>gloriosa</span> <span class='ocrx_word' id='word_1_108' title='bbox 806 901 912 931; x_wconf 88' lang='lat' dir='ltr'>studia</span> <span class='ocrx_word' id='word_1_109' title='bbox 936 911 993 942; x_wconf 88' lang='lat' dir='ltr'>per</span> <span class='ocrx_word' id='word_1_110' title='bbox 1018 900 1260 930; x_wconf 89' lang='lat' dir='ltr'>commodorum</span> <span class='ocrx_word' id='word_1_111' title='bbox 1285 902 1461 940; x_wconf 83' lang='lat' dir='ltr'>augmenta</span> <span class='ocrx_word' id='word_1_112' title='bbox 1484 898 1687 940; x_wconf 87' lang='lat' dir='ltr'>provocandi.</span> <span class='ocrx_word' id='word_1_113' title='bbox 1733 898 1840 929; x_wconf 88' lang='lat' dir='ltr'>Prima</span> <span class='ocrx_word' id='word_1_114' title='bbox 1864 899 1948 929; x_wconf 90' lang='lat' dir='ltr'>enim</span> <span class='ocrx_word' id='word_1_115' title='bbox 1977 910 2083 940; x_wconf 85' lang='lat' dir='ltr'>gram-</span> 
     </span>
     <span class='ocr_line' id='line_1_16' title="bbox 442 951 2085 992; baseline -0.002 -7"><span class='ocrx_word' id='word_1_116' title='bbox 442 955 631 985; x_wconf 88' lang='lat' dir='ltr'>maticorum</span> <span class='ocrx_word' id='word_1_117' title='bbox 656 953 767 984; x_wconf 85' lang='lat' dir='ltr'>schola</span> <span class='ocrx_word' id='word_1_118' title='bbox 791 956 840 983; x_wconf 86' lang='lat' dir='ltr'>est</span> <span class='ocrx_word' id='word_1_119' title='bbox 865 952 1111 982; x_wconf 83' lang='lat' dir='ltr'>fundamentum</span> <span class='ocrx_word' id='word_1_120' title='bbox 1136 951 1388 992; x_wconf 89' lang='lat' dir='ltr'>pulcherrimum</span> <span class='ocrx_word' id='word_1_121' title='bbox 1414 951 1601 983; x_wconf 87' lang='lat' dir='ltr'>litterarum.</span> <span class='ocrx_word' id='word_1_122' title='bbox 1626 954 1730 980; x_wconf 90' lang='lat' dir='ltr'>mater</span> <span class='ocrx_word' id='word_1_123' title='bbox 1746 951 1888 991; x_wconf 86' lang='lat' dir='ltr'>gloriosa</span> <span class='ocrx_word' id='word_1_124' title='bbox 1904 951 2085 987; x_wconf 80' lang='lat' dir='ltr'>facundiae.</span> 
     </span>
     <span class='ocr_line' id='line_1_17' title="bbox 441 1002 2086 1048; baseline -0.003 -10"><span class='ocrx_word' id='word_1_125' title='bbox 441 1019 522 1048; x_wconf 86' lang='lat' dir='ltr'>quae</span> <span class='ocrx_word' id='word_1_126' title='bbox 548 1007 691 1047; x_wconf 85' lang='lat' dir='ltr'>cogitare</span> <span class='ocrx_word' id='word_1_127' title='bbox 716 1005 805 1036; x_wconf 88' lang='lat' dir='ltr'>novit</span> <span class='ocrx_word' id='word_1_128' title='bbox 830 1004 868 1035; x_wconf 87' lang='lat' dir='ltr'>ad</span> <span class='ocrx_word' id='word_1_129' title='bbox 894 1004 1036 1037; x_wconf 78' lang='lat' dir='ltr'>laudem.</span> <span class='ocrx_word' id='word_1_130' title='bbox 1068 1003 1154 1044; x_wconf 88' lang='lat' dir='ltr'>loqui</span> <span class='ocrx_word' id='word_1_131' title='bbox 1180 1003 1248 1033; x_wconf 90' lang='lat' dir='ltr'>sine</span> <span class='ocrx_word' id='word_1_132' title='bbox 1273 1002 1362 1032; x_wconf 87' lang='lat' dir='ltr'>vitio.</span> <span class='ocrx_word' id='word_1_133' title='bbox 1410 1002 1489 1032; x_wconf 87' lang='lat' dir='ltr'>haec</span> <span class='ocrx_word' id='word_1_134' title='bbox 1514 1003 1545 1032; x_wconf 90' lang='lat' dir='ltr'>iu</span> <span class='ocrx_word' id='word_1_135' title='bbox 1570 1012 1665 1032; x_wconf 86' lang='lat' dir='ltr'>cursu</span> <span class='ocrx_word' id='word_1_136' title='bbox 1690 1002 1845 1033; x_wconf 87' lang='lat' dir='ltr'>orationis</span> <span class='ocrx_word' id='word_1_137' title='bbox 1870 1003 1914 1033; x_wconf 85' lang='lat' dir='ltr'>sic</span> <span class='ocrx_word' id='word_1_138' title='bbox 1946 1013 2086 1033; x_wconf 89' lang='lat' dir='ltr'>errorem</span> 
     </span>
     <span class='ocr_line' id='line_1_18' title="bbox 443 1053 2087 1099; baseline -0.002 -10"><span class='ocrx_word' id='word_1_139' title='bbox 443 1059 610 1099; x_wconf 76' lang='lat' dir='ltr'>cognoscit</span> <span class='ocrx_word' id='word_1_140' title='bbox 642 1058 813 1088; x_wconf 86' lang='lat' dir='ltr'>absonum.</span> <span class='ocrx_word' id='word_1_141' title='bbox 849 1055 1118 1097; x_wconf 77' lang='lat' dir='ltr'>quemadmodum</span> <span class='ocrx_word' id='word_1_142' title='bbox 1152 1054 1226 1084; x_wconf 91' lang='lat' dir='ltr'>boni</span> <span class='ocrx_word' id='word_1_143' title='bbox 1259 1064 1363 1084; x_wconf 85' lang='lat' dir='ltr'>mores</span> <span class='ocrx_word' id='word_1_144' title='bbox 1397 1054 1517 1084; x_wconf 80' lang='lat' dir='ltr'>crimen</span> <span class='ocrx_word' id='word_1_145' title='bbox 1549 1053 1751 1084; x_wconf 89' lang='lat' dir='ltr'>detestantur</span> <span class='ocrx_word' id='word_1_146' title='bbox 1783 1057 1962 1084; x_wconf 85' lang='lat' dir='ltr'>externum.</span> <span class='ocrx_word' id='word_1_147' title='bbox 2013 1065 2087 1085; x_wconf 87' lang='lat' dir='ltr'>nam</span> 
     </span>
     <span class='ocr_line' id='line_1_19' title="bbox 443 1105 2090 1146; baseline -0.003 -5"><span class='ocrx_word' id='word_1_148' title='bbox 443 1112 525 1141; x_wconf 88' lang='lat' dir='ltr'>sicut</span> <span class='ocrx_word' id='word_1_149' title='bbox 549 1110 691 1140; x_wconf 88' lang='lat' dir='ltr'>musicus</span> <span class='ocrx_word' id='word_1_150' title='bbox 718 1108 971 1139; x_wconf 83' lang='lat' dir='ltr'>consonantibus</span> <span class='ocrx_word' id='word_1_151' title='bbox 997 1107 1101 1137; x_wconf 90' lang='lat' dir='ltr'>choris</span> <span class='ocrx_word' id='word_1_152' title='bbox 1127 1106 1226 1136; x_wconf 84' lang='lat' dir='ltr'>efficit</span> <span class='ocrx_word' id='word_1_153' title='bbox 1252 1105 1473 1135; x_wconf 81' lang='lat' dir='ltr'>dulcissimum</span> <span class='ocrx_word' id='word_1_154' title='bbox 1496 1105 1607 1141; x_wconf 53' lang='lat' dir='ltr'>melos5</span> <span class='ocrx_word' id='word_1_155' title='bbox 1632 1105 1677 1135; x_wconf 84' lang='lat' dir='ltr'>ita</span> <span class='ocrx_word' id='word_1_156' title='bbox 1693 1105 1855 1146; x_wconf 79' lang='lat' dir='ltr'>dispositis</span> <span class='ocrx_word' id='word_1_157' title='bbox 1873 1110 2090 1146; x_wconf 79' lang='lat' dir='ltr'>congruenter</span> 
     </span>
    </p>
   </div>
   <div class='ocr_carea' id='block_1_9' title="bbox 420 1156 2089 1198">
    <p class='ocr_par' dir='ltr' id='par_1_9' title="bbox 420 1156 2089 1198">
     <span class='ocr_line' id='line_1_20' title="bbox 420 1156 2089 1198; baseline -0.002 -5"><span class='ocrx_word' id='word_1_158' title='bbox 420 1162 632 1193; x_wconf 85' lang='lat' dir='ltr'>·accentibus</span> <span class='ocrx_word' id='word_1_159' title='bbox 665 1164 801 1191; x_wconf 82' lang='lat' dir='ltr'>metrum</span> <span class='ocrx_word' id='word_1_160' title='bbox 834 1160 924 1190; x_wconf 85' lang='lat' dir='ltr'>novit</span> <span class='ocrx_word' id='word_1_161' title='bbox 954 1159 1127 1189; x_wconf 83' lang='lat' dir='ltr'>decantare</span> <span class='ocrx_word' id='word_1_162' title='bbox 1164 1157 1404 1198; x_wconf 82' lang='lat' dir='ltr'>grammaticus.</span> <span class='ocrx_word' id='word_1_163' title='bbox 1458 1156 1679 1187; x_wconf 83' lang='lat' dir='ltr'>Grammatica</span> <span class='ocrx_word' id='word_1_164' title='bbox 1716 1157 1872 1198; x_wconf 85' lang='lat' dir='ltr'>magistra</span> <span class='ocrx_word' id='word_1_165' title='bbox 1906 1157 2089 1196; x_wconf 70' lang='lat' dir='ltr'>verborum,</span> 
     </span>
    </p>
   </div>
   <div class='ocr_carea' id='block_1_10' title="bbox 403 1432 426 1448">
    <p class='ocr_par' dir='ltr' id='par_1_10' title="bbox 403 1432 426 1448">
     <span class='ocr_line' id='line_1_21' title="bbox 403 1432 426 1448; baseline 0 -3"><span class='ocrx_word' id='word_1_166' title='bbox 403 1432 426 1448; x_wconf 62' lang='lat'>20</span> 
     </span>
    </p>
   </div>
   <div class='ocr_carea' id='block_1_11' title="bbox 411 1946 435 1963">
    <p class='ocr_par' dir='ltr' id='par_1_11' title="bbox 411 1946 435 1963">
     <span class='ocr_line' id='line_1_22' title="bbox 411 1946 435 1963; baseline -0.083 0"><span class='ocrx_word' id='word_1_167' title='bbox 411 1946 435 1963; x_wconf 68' lang='lat'>30</span> 
     </span>
    </p>
   </div>
   <div class='ocr_carea' id='block_1_12' title="bbox 444 1209 2096 1667">
    <p class='ocr_par' dir='ltr' id='par_1_12' title="bbox 444 1209 2096 1667">
     <span class='ocr_line' id='line_1_23' title="bbox 445 1209 2089 1253; baseline -0.003 -8"><span class='ocrx_word' id='word_1_168' title='bbox 445 1214 589 1245; x_wconf 85' lang='lat' dir='ltr'>ornatrix</span> <span class='ocrx_word' id='word_1_169' title='bbox 620 1213 750 1243; x_wconf 87' lang='lat' dir='ltr'>humani</span> <span class='ocrx_word' id='word_1_170' title='bbox 780 1212 925 1253; x_wconf 72' lang='lat' dir='ltr'>generis.</span> <span class='ocrx_word' id='word_1_171' title='bbox 956 1220 1038 1251; x_wconf 87' lang='lat' dir='ltr'>quae</span> <span class='ocrx_word' id='word_1_172' title='bbox 1070 1220 1129 1251; x_wconf 89' lang='lat' dir='ltr'>per</span> <span class='ocrx_word' id='word_1_173' title='bbox 1159 1209 1428 1240; x_wconf 77' lang='lat' dir='ltr'>exercitationem</span> <span class='ocrx_word' id='word_1_174' title='bbox 1452 1209 1688 1250; x_wconf 84' lang='lat' dir='ltr'>pulcherrimae</span> <span class='ocrx_word' id='word_1_175' title='bbox 1712 1209 1861 1239; x_wconf 87' lang='lat' dir='ltr'>lectionis</span> <span class='ocrx_word' id='word_1_176' title='bbox 1886 1210 2089 1250; x_wconf 87' lang='lat' dir='ltr'>antiquorum</span> 
     </span>
     <span class='ocr_line' id='line_1_24' title="bbox 445 1260 2090 1307; baseline -0.003 -10"><span class='ocrx_word' id='word_1_177' title='bbox 445 1277 502 1297; x_wconf 90' lang='lat' dir='ltr'>nos</span> <span class='ocrx_word' id='word_1_178' title='bbox 520 1265 726 1307; x_wconf 76' lang='lat' dir='ltr'>cognoscitur</span> <span class='ocrx_word' id='word_1_179' title='bbox 744 1264 854 1293; x_wconf 85' lang='lat' dir='ltr'>iuvare</span> <span class='ocrx_word' id='word_1_180' title='bbox 877 1262 1031 1292; x_wconf 80' lang='lat' dir='ltr'>consiliis.</span> <span class='ocrx_word' id='word_1_181' title='bbox 1068 1261 1127 1292; x_wconf 84' lang='lat' dir='ltr'>hac</span> <span class='ocrx_word' id='word_1_182' title='bbox 1151 1271 1215 1291; x_wconf 91' lang='lat' dir='ltr'>non</span> <span class='ocrx_word' id='word_1_183' title='bbox 1239 1263 1372 1291; x_wconf 88' lang='lat' dir='ltr'>utuntur</span> <span class='ocrx_word' id='word_1_184' title='bbox 1397 1261 1525 1291; x_wconf 90' lang='lat' dir='ltr'>barbari</span> <span class='ocrx_word' id='word_1_185' title='bbox 1550 1271 1661 1301; x_wconf 85' lang='lat' dir='ltr'>reges:</span> <span class='ocrx_word' id='word_1_186' title='bbox 1688 1260 1772 1301; x_wconf 87' lang='lat' dir='ltr'>apud</span> <span class='ocrx_word' id='word_1_187' title='bbox 1796 1260 1919 1301; x_wconf 86' lang='lat' dir='ltr'>legales</span> <span class='ocrx_word' id='word_1_188' title='bbox 1944 1261 2090 1292; x_wconf 89' lang='lat' dir='ltr'>dominos</span> 
     </span>
     <span class='ocr_line' id='line_1_25' title="bbox 444 1311 2092 1357; baseline -0.004 -8"><span class='ocrx_word' id='word_1_189' title='bbox 444 1329 578 1349; x_wconf 86' lang='lat' dir='ltr'>manere</span> <span class='ocrx_word' id='word_1_190' title='bbox 607 1316 815 1357; x_wconf 81' lang='lat' dir='ltr'>cognoscitur</span> <span class='ocrx_word' id='word_1_191' title='bbox 843 1314 1026 1355; x_wconf 86' lang='lat' dir='ltr'>singularis.</span> <span class='ocrx_word' id='word_1_192' title='bbox 1072 1323 1162 1343; x_wconf 85' lang='lat' dir='ltr'>arma</span> <span class='ocrx_word' id='word_1_193' title='bbox 1192 1312 1277 1342; x_wconf 84' lang='lat' dir='ltr'>enini</span> <span class='ocrx_word' id='word_1_194' title='bbox 1307 1316 1339 1342; x_wconf 90' lang='lat' dir='ltr'>et</span> <span class='ocrx_word' id='word_1_195' title='bbox 1366 1311 1489 1352; x_wconf 86' lang='lat' dir='ltr'>reliqua</span> <span class='ocrx_word' id='word_1_196' title='bbox 1518 1317 1633 1353; x_wconf 84' lang='lat' dir='ltr'>gentes</span> <span class='ocrx_word' id='word_1_197' title='bbox 1664 1312 1799 1343; x_wconf 85' lang='lat' dir='ltr'>habent:</span> <span class='ocrx_word' id='word_1_198' title='bbox 1835 1313 1904 1343; x_wconf 80' lang='lat' dir='ltr'>sola</span> <span class='ocrx_word' id='word_1_199' title='bbox 1934 1313 2092 1354; x_wconf 89' lang='lat' dir='ltr'>reperitur</span> 
     </span>
     <span class='ocr_line' id='line_1_26' title="bbox 447 1364 2091 1411; baseline -0.002 -11"><span class='ocrx_word' id='word_1_200' title='bbox 447 1369 643 1411; x_wconf 74' lang='lat' dir='ltr'>eloquentia,</span> <span class='ocrx_word' id='word_1_201' title='bbox 674 1378 756 1409; x_wconf 85' lang='lat' dir='ltr'>quae</span> <span class='ocrx_word' id='word_1_202' title='bbox 781 1367 999 1398; x_wconf 82' lang='lat' dir='ltr'>Romanorum</span> <span class='ocrx_word' id='word_1_203' title='bbox 1029 1365 1165 1396; x_wconf 90' lang='lat' dir='ltr'>dominis</span> <span class='ocrx_word' id='word_1_204' title='bbox 1193 1364 1402 1395; x_wconf 77' lang='lat' dir='ltr'>obsecundat.</span> <span class='ocrx_word' id='word_1_205' title='bbox 1450 1364 1523 1395; x_wconf 93' lang='lat' dir='ltr'>hinc</span> <span class='ocrx_word' id='word_1_206' title='bbox 1551 1368 1713 1395; x_wconf 84' lang='lat' dir='ltr'>oratorum</span> <span class='ocrx_word' id='word_1_207' title='bbox 1742 1375 1851 1406; x_wconf 86' lang='lat' dir='ltr'>pugna</span> <span class='ocrx_word' id='word_1_208' title='bbox 1881 1365 1984 1396; x_wconf 91' lang='lat' dir='ltr'>civilis</span> <span class='ocrx_word' id='word_1_209' title='bbox 2013 1366 2091 1396; x_wconf 90' lang='lat' dir='ltr'>iuris</span> 
     </span>
     <span class='ocr_line' id='line_1_27' title="bbox 447 1416 2094 1459; baseline -0.002 -7"><span class='ocrx_word' id='word_1_210' title='bbox 447 1422 617 1453; x_wconf 84' lang='lat' dir='ltr'>classicum</span> <span class='ocrx_word' id='word_1_211' title='bbox 637 1420 734 1450; x_wconf 86' lang='lat' dir='ltr'>canit:</span> <span class='ocrx_word' id='word_1_212' title='bbox 759 1419 833 1450; x_wconf 86' lang='lat' dir='ltr'>hinc</span> <span class='ocrx_word' id='word_1_213' title='bbox 853 1422 984 1449; x_wconf 90' lang='lat' dir='ltr'>cunctos</span> <span class='ocrx_word' id='word_1_214' title='bbox 1008 1428 1161 1459; x_wconf 86' lang='lat' dir='ltr'>proceres</span> <span class='ocrx_word' id='word_1_215' title='bbox 1186 1417 1386 1447; x_wconf 87' lang='lat' dir='ltr'>nobilissima</span> <span class='ocrx_word' id='word_1_216' title='bbox 1413 1416 1605 1447; x_wconf 88' lang='lat' dir='ltr'>disertitudo</span> <span class='ocrx_word' id='word_1_217' title='bbox 1631 1416 1833 1446; x_wconf 84' lang='lat' dir='ltr'>commendat</span> <span class='ocrx_word' id='word_1_218' title='bbox 1857 1420 1889 1447; x_wconf 91' lang='lat' dir='ltr'>et</span> <span class='ocrx_word' id='word_1_219' title='bbox 1912 1420 1946 1447; x_wconf 87' lang='lat' dir='ltr'>ut</span> <span class='ocrx_word' id='word_1_220' title='bbox 1971 1417 2094 1458; x_wconf 87' lang='lat' dir='ltr'>reliqua</span> 
     </span>
     <span class='ocr_line' id='line_1_28' title="bbox 447 1468 2094 1512; baseline -0.002 -8"><span class='ocrx_word' id='word_1_221' title='bbox 447 1478 627 1504; x_wconf 75' lang='lat' dir='ltr'>taceamus.</span> <span class='ocrx_word' id='word_1_222' title='bbox 664 1472 722 1502; x_wconf 90' lang='lat' dir='ltr'>hoc</span> <span class='ocrx_word' id='word_1_223' title='bbox 754 1471 837 1512; x_wconf 83' lang='lat' dir='ltr'>quod</span> <span class='ocrx_word' id='word_1_224' title='bbox 871 1471 1029 1511; x_wconf 90' lang='lat' dir='ltr'>loquimur</span> <span class='ocrx_word' id='word_1_225' title='bbox 1059 1470 1132 1500; x_wconf 87' lang='lat' dir='ltr'>inde.</span> <span class='ocrx_word' id='word_1_226' title='bbox 1165 1473 1225 1500; x_wconf 85' lang='lat' dir='ltr'>est.</span> <span class='ocrx_word' id='word_1_227' title='bbox 1277 1469 1348 1504; x_wconf 85' lang='lat' dir='ltr'>Qua</span> <span class='ocrx_word' id='word_1_228' title='bbox 1378 1468 1416 1499; x_wconf 91' lang='lat' dir='ltr'>de</span> <span class='ocrx_word' id='word_1_229' title='bbox 1448 1479 1497 1500; x_wconf 93' lang='lat' dir='ltr'>re.</span> <span class='ocrx_word' id='word_1_230' title='bbox 1530 1472 1640 1510; x_wconf 86' lang='lat' dir='ltr'>patres</span> <span class='ocrx_word' id='word_1_231' title='bbox 1671 1469 1858 1510; x_wconf 75' lang='lat' dir='ltr'>conscripti,</span> <span class='ocrx_word' id='word_1_232' title='bbox 1891 1469 1972 1500; x_wconf 82' lang='lat' dir='ltr'>hanc</span> <span class='ocrx_word' id='word_1_233' title='bbox 2005 1470 2094 1500; x_wconf 91' lang='lat' dir='ltr'>vobis</span> 
     </span>
     <span class='ocr_line' id='line_1_29' title="bbox 448 1520 2094 1564; baseline -0.002 -9"><span class='ocrx_word' id='word_1_234' title='bbox 448 1536 566 1557; x_wconf 88' lang='lat' dir='ltr'>curam.</span> <span class='ocrx_word' id='word_1_235' title='bbox 596 1525 678 1554; x_wconf 88' lang='lat' dir='ltr'>hanc</span> <span class='ocrx_word' id='word_1_236' title='bbox 704 1523 930 1554; x_wconf 85' lang='lat' dir='ltr'>auctoritatem</span> <span class='ocrx_word' id='word_1_237' title='bbox 955 1522 1094 1564; x_wconf 86' lang='lat' dir='ltr'>propitia</span> <span class='ocrx_word' id='word_1_238' title='bbox 1118 1521 1284 1552; x_wconf 86' lang='lat' dir='ltr'>divinitate</span> <span class='ocrx_word' id='word_1_239' title='bbox 1309 1521 1474 1561; x_wconf 77' lang='lat' dir='ltr'>largimur,</span> <span class='ocrx_word' id='word_1_240' title='bbox 1504 1525 1539 1551; x_wconf 89' lang='lat' dir='ltr'>ut</span> <span class='ocrx_word' id='word_1_241' title='bbox 1564 1531 1733 1552; x_wconf 81' lang='lat' dir='ltr'>successor</span> <span class='ocrx_word' id='word_1_242' title='bbox 1757 1521 1888 1551; x_wconf 83' lang='lat' dir='ltr'>scholae</span> <span class='ocrx_word' id='word_1_243' title='bbox 1913 1520 2094 1551; x_wconf 87' lang='lat' dir='ltr'>liberalium</span> 
     </span>
     <span class='ocr_line' id='line_1_30' title="bbox 448 1572 2095 1615; baseline -0.003 -8"><span class='ocrx_word' id='word_1_244' title='bbox 448 1578 627 1607; x_wconf 82' lang='lat' dir='ltr'>litterarum</span> <span class='ocrx_word' id='word_1_245' title='bbox 660 1580 723 1606; x_wconf 87' lang='lat' dir='ltr'>tam</span> <span class='ocrx_word' id='word_1_246' title='bbox 755 1575 983 1615; x_wconf 83' lang='lat' dir='ltr'>grammaticus</span> <span class='ocrx_word' id='word_1_247' title='bbox 1016 1584 1110 1615; x_wconf 85' lang='lat' dir='ltr'>qnam</span> <span class='ocrx_word' id='word_1_248' title='bbox 1141 1576 1251 1603; x_wconf 87' lang='lat' dir='ltr'>orator</span> <span class='ocrx_word' id='word_1_249' title='bbox 1283 1583 1342 1603; x_wconf 89' lang='lat' dir='ltr'>uec</span> <span class='ocrx_word' id='word_1_250' title='bbox 1375 1583 1438 1602; x_wconf 91' lang='lat' dir='ltr'>non</span> <span class='ocrx_word' id='word_1_251' title='bbox 1470 1576 1501 1603; x_wconf 88' lang='lat' dir='ltr'>et</span> <span class='ocrx_word' id='word_1_252' title='bbox 1533 1573 1609 1603; x_wconf 89' lang='lat' dir='ltr'>iuris</span> <span class='ocrx_word' id='word_1_253' title='bbox 1642 1573 1806 1614; x_wconf 83' lang='lat' dir='ltr'>expositor</span> <span class='ocrx_word' id='word_1_254' title='bbox 1843 1572 2011 1603; x_wconf 50' lang='lat' dir='ltr'>commoda,</span> <span class='ocrx_word' id='word_1_255' title='bbox 2047 1573 2095 1603; x_wconf 89' lang='lat' dir='ltr'>sui</span> 
     </span>
     <span class='ocr_line' id='line_1_31' title="bbox 449 1624 2096 1667; baseline -0.002 -9"><span class='ocrx_word' id='word_1_256' title='bbox 449 1628 629 1659; x_wconf 75' lang='lat' dir='ltr'>decessoris</span> <span class='ocrx_word' id='word_1_257' title='bbox 662 1628 701 1657; x_wconf 84' lang='lat' dir='ltr'>ab</span> <span class='ocrx_word' id='word_1_258' title='bbox 734 1627 780 1657; x_wconf 88' lang='lat' dir='ltr'>eis</span> <span class='ocrx_word' id='word_1_259' title='bbox 810 1637 945 1667; x_wconf 87' lang='lat' dir='ltr'>quorum</span> <span class='ocrx_word' id='word_1_260' title='bbox 975 1626 1107 1656; x_wconf 89' lang='lat' dir='ltr'>interest</span> <span class='ocrx_word' id='word_1_261' title='bbox 1138 1625 1206 1655; x_wconf 88' lang='lat' dir='ltr'>sinc</span> <span class='ocrx_word' id='word_1_262' title='bbox 1239 1625 1346 1665; x_wconf 80' lang='lat' dir='ltr'>aliqua</span> <span class='ocrx_word' id='word_1_263' title='bbox 1374 1624 1595 1654; x_wconf 86' lang='lat' dir='ltr'>imminutione</span> <span class='ocrx_word' id='word_1_264' title='bbox 1625 1625 1782 1665; x_wconf 90' lang='lat' dir='ltr'>percipiat</span> <span class='ocrx_word' id='word_1_265' title='bbox 1811 1628 1842 1654; x_wconf 89' lang='lat' dir='ltr'>et</span> <span class='ocrx_word' id='word_1_266' title='bbox 1873 1625 1974 1655; x_wconf 91' lang='lat' dir='ltr'>semel</span> <span class='ocrx_word' id='word_1_267' title='bbox 2003 1624 2096 1666; x_wconf 90' lang='lat' dir='ltr'>primi</span> 
     </span>
    </p>
   </div>
   <div class='ocr_carea' id='block_1_13' title="bbox 426 1675 2096 1719">
    <p class='ocr_par' dir='ltr' id='par_1_13' title="bbox 426 1675 2096 1719">
     <span class='ocr_line' id='line_1_32' title="bbox 426 1675 2096 1719; baseline -0.003 -9"><span class='ocrx_word' id='word_1_268' title='bbox 426 1696 429 1703; x_wconf 60' lang='lat' dir='ltr'>v</span> <span class='ocrx_word' id='word_1_269' title='bbox 451 1680 569 1711; x_wconf 83' lang='lat' dir='ltr'>ordinis</span> <span class='ocrx_word' id='word_1_270' title='bbox 595 1680 693 1710; x_wconf 83' lang='lat' dir='ltr'>vestri</span> <span class='ocrx_word' id='word_1_271' title='bbox 720 1689 755 1708; x_wconf 89' lang='lat' dir='ltr'>ac</span> <span class='ocrx_word' id='word_1_272' title='bbox 781 1678 895 1719; x_wconf 88' lang='lat' dir='ltr'>reliqui</span> <span class='ocrx_word' id='word_1_273' title='bbox 921 1681 1052 1707; x_wconf 85' lang='lat' dir='ltr'>senatus</span> <span class='ocrx_word' id='word_1_274' title='bbox 1079 1676 1270 1717; x_wconf 76' lang='lat' dir='ltr'>amplissimi</span> <span class='ocrx_word' id='word_1_275' title='bbox 1295 1676 1488 1706; x_wconf 83' lang='lat' dir='ltr'>auctoritate</span> <span class='ocrx_word' id='word_1_276' title='bbox 1512 1675 1666 1708; x_wconf 76' lang='lat' dir='ltr'>firmatus,</span> <span class='ocrx_word' id='word_1_277' title='bbox 1698 1675 1799 1706; x_wconf 87' lang='lat' dir='ltr'>donec</span> <span class='ocrx_word' id='word_1_278' title='bbox 1824 1676 1967 1717; x_wconf 85' lang='lat' dir='ltr'>suscepti</span> <span class='ocrx_word' id='word_1_279' title='bbox 1992 1675 2096 1717; x_wconf 89' lang='lat' dir='ltr'>operis</span> 
     </span>
    </p>
   </div>
   <div class='ocr_carea' id='block_1_14' title="bbox 451 1727 2103 2184">
    <p class='ocr_par' dir='ltr' id='par_1_14' title="bbox 451 1727 2103 2184">
     <span class='ocr_line' id='line_1_33' title="bbox 451 1727 2098 1772; baseline -0.003 -10"><span class='ocrx_word' id='word_1_280' title='bbox 451 1732 586 1762; x_wconf 87' lang='lat' dir='ltr'>idoneus</span> <span class='ocrx_word' id='word_1_281' title='bbox 618 1731 787 1772; x_wconf 51' lang='lat' dir='ltr'>reperitur.¹</span> <span class='ocrx_word' id='word_1_282' title='bbox 821 1740 925 1770; x_wconf 87' lang='lat' dir='ltr'>neque</span> <span class='ocrx_word' id='word_1_283' title='bbox 955 1729 993 1759; x_wconf 89' lang='lat' dir='ltr'>dc</span> <span class='ocrx_word' id='word_1_284' title='bbox 1022 1727 1255 1759; x_wconf 85' lang='lat' dir='ltr'>transferendis</span> <span class='ocrx_word' id='word_1_285' title='bbox 1285 1738 1390 1768; x_wconf 87' lang='lat' dir='ltr'>neque</span> <span class='ocrx_word' id='word_1_286' title='bbox 1418 1727 1456 1757; x_wconf 84' lang='lat' dir='ltr'>de</span> <span class='ocrx_word' id='word_1_287' title='bbox 1486 1727 1712 1758; x_wconf 87' lang='lat' dir='ltr'>imminuendis</span> <span class='ocrx_word' id='word_1_288' title='bbox 1742 1728 1876 1758; x_wconf 89' lang='lat' dir='ltr'>annonis</span> <span class='ocrx_word' id='word_1_289' title='bbox 1906 1739 1924 1758; x_wconf 89' lang='lat' dir='ltr'>a</span> <span class='ocrx_word' id='word_1_290' title='bbox 1954 1727 2098 1768; x_wconf 86' lang='lat' dir='ltr'>quolibet</span> 
     </span>
     <span class='ocr_line' id='line_1_34' title="bbox 452 1779 2097 1825; baseline -0.002 -12"><span class='ocrx_word' id='word_1_291' title='bbox 452 1784 593 1825; x_wconf 87' lang='lat' dir='ltr'>patiatur</span> <span class='ocrx_word' id='word_1_292' title='bbox 622 1782 801 1823; x_wconf 73' lang='lat' dir='ltr'>improbam</span> <span class='ocrx_word' id='word_1_293' title='bbox 831 1781 1069 1822; x_wconf 67' lang='lat' dir='ltr'>quaestionem,</span> <span class='ocrx_word' id='word_1_294' title='bbox 1100 1779 1155 1810; x_wconf 90' lang='lat' dir='ltr'>sed</span> <span class='ocrx_word' id='word_1_295' title='bbox 1185 1779 1276 1809; x_wconf 86' lang='lat' dir='ltr'>vobis</span> <span class='ocrx_word' id='word_1_296' title='bbox 1308 1779 1530 1809; x_wconf 77' lang='lat' dir='ltr'>ordinantibus</span> <span class='ocrx_word' id='word_1_297' title='bbox 1559 1782 1656 1820; x_wconf 85' lang='lat' dir='ltr'>atque</span> <span class='ocrx_word' id='word_1_298' title='bbox 1687 1779 1944 1810; x_wconf 84' lang='lat' dir='ltr'>custodientibus</span> <span class='ocrx_word' id='word_1_299' title='bbox 1974 1779 2097 1810; x_wconf 89' lang='lat' dir='ltr'>emolu-</span> 
     </span>
     <span class='ocr_line' id='line_1_35' title="bbox 452 1830 2097 1873; baseline -0.002 -8"><span class='ocrx_word' id='word_1_300' title='bbox 452 1840 632 1865; x_wconf 87' lang='lat' dir='ltr'>mentorum</span> <span class='ocrx_word' id='word_1_301' title='bbox 660 1844 788 1864; x_wconf 84' lang='lat' dir='ltr'>suornm</span> <span class='ocrx_word' id='word_1_302' title='bbox 814 1833 987 1863; x_wconf 79' lang='lat' dir='ltr'>securitate</span> <span class='ocrx_word' id='word_1_303' title='bbox 1012 1832 1162 1873; x_wconf 74' lang='lat' dir='ltr'>potiatur.</span> <span class='ocrx_word' id='word_1_304' title='bbox 1193 1831 1358 1872; x_wconf 85' lang='lat' dir='ltr'>praefecto</span> <span class='ocrx_word' id='word_1_305' title='bbox 1383 1830 1472 1861; x_wconf 91' lang='lat' dir='ltr'>urbis</span> <span class='ocrx_word' id='word_1_306' title='bbox 1496 1830 1704 1861; x_wconf 87' lang='lat' dir='ltr'>nihilominus</span> <span class='ocrx_word' id='word_1_307' title='bbox 1729 1831 1905 1861; x_wconf 83' lang='lat' dir='ltr'>constituta</span> <span class='ocrx_word' id='word_1_308' title='bbox 1936 1834 2097 1862; x_wconf 83' lang='lat' dir='ltr'>servante.</span> 
     </span>
     <span class='ocr_line' id='line_1_36' title="bbox 452 1882 2098 1926; baseline -0.003 -9"><span class='ocrx_word' id='word_1_309' title='bbox 452 1887 495 1917; x_wconf 77' lang='lat' dir='ltr'>Et</span> <span class='ocrx_word' id='word_1_310' title='bbox 518 1897 557 1916; x_wconf 88' lang='lat' dir='ltr'>ne</span> <span class='ocrx_word' id='word_1_311' title='bbox 583 1885 703 1926; x_wconf 82' lang='lat' dir='ltr'>aliquid</span> <span class='ocrx_word' id='word_1_312' title='bbox 728 1895 783 1926; x_wconf 89' lang='lat' dir='ltr'>pro</span> <span class='ocrx_word' id='word_1_313' title='bbox 805 1885 969 1914; x_wconf 87' lang='lat' dir='ltr'>voluntate</span> <span class='ocrx_word' id='word_1_314' title='bbox 988 1883 1214 1925; x_wconf 85' lang='lat' dir='ltr'>praebentium</span> <span class='ocrx_word' id='word_1_315' title='bbox 1231 1882 1431 1923; x_wconf 85' lang='lat' dir='ltr'>relinquatur</span> <span class='ocrx_word' id='word_1_316' title='bbox 1449 1882 1615 1919; x_wconf 65' lang='lat' dir='ltr'>incertum.</span> <span class='ocrx_word' id='word_1_317' title='bbox 1639 1893 1715 1912; x_wconf 81' lang='lat' dir='ltr'>mox</span> <span class='ocrx_word' id='word_1_318' title='bbox 1733 1893 1791 1913; x_wconf 83' lang='lat' dir='ltr'>sex</span> <span class='ocrx_word' id='word_1_319' title='bbox 1809 1893 1937 1913; x_wconf 86' lang='lat' dir='ltr'>menses</span> <span class='ocrx_word' id='word_1_320' title='bbox 1957 1882 2098 1923; x_wconf 83' lang='lat' dir='ltr'>exempti</span> 
     </span>
     <span class='ocr_line' id='line_1_37' title="bbox 455 1933 2100 1976; baseline -0.004 -7"><span class='ocrx_word' id='word_1_321' title='bbox 455 1939 587 1970; x_wconf 86' lang='lat' dir='ltr'>fuerint.</span> <span class='ocrx_word' id='word_1_322' title='bbox 620 1941 761 1968; x_wconf 85' lang='lat' dir='ltr'>statutae</span> <span class='ocrx_word' id='word_1_323' title='bbox 791 1947 934 1967; x_wconf 89' lang='lat' dir='ltr'>summae</span> <span class='ocrx_word' id='word_1_324' title='bbox 964 1938 1206 1976; x_wconf 86' lang='lat' dir='ltr'>consequantur</span> <span class='ocrx_word' id='word_1_325' title='bbox 1234 1934 1391 1976; x_wconf 85' lang='lat' dir='ltr'>praedicti</span> <span class='ocrx_word' id='word_1_326' title='bbox 1416 1934 1562 1975; x_wconf 82' lang='lat' dir='ltr'>magistri</span> <span class='ocrx_word' id='word_1_327' title='bbox 1586 1934 1724 1964; x_wconf 88' lang='lat' dir='ltr'>mediam</span> <span class='ocrx_word' id='word_1_328' title='bbox 1749 1934 1942 1975; x_wconf 70' lang='lat' dir='ltr'>portionem,</span> <span class='ocrx_word' id='word_1_329' title='bbox 1973 1933 2100 1964; x_wconf 85' lang='lat' dir='ltr'>residua</span> 
     </span>
     <span class='ocr_line' id='line_1_38' title="bbox 454 1985 2100 2030; baseline -0.003 -10"><span class='ocrx_word' id='word_1_330' title='bbox 454 2001 530 2020; x_wconf 84' lang='lat' dir='ltr'>vcro</span> <span class='ocrx_word' id='word_1_331' title='bbox 562 1990 637 2020; x_wconf 87' lang='lat' dir='ltr'>anni</span> <span class='ocrx_word' id='word_1_332' title='bbox 668 1993 817 2030; x_wconf 87' lang='lat' dir='ltr'>tempora</span> <span class='ocrx_word' id='word_1_333' title='bbox 846 1999 917 2018; x_wconf 90' lang='lat' dir='ltr'>cum</span> <span class='ocrx_word' id='word_1_334' title='bbox 948 1997 1147 2017; x_wconf 85' lang='lat' dir='ltr'>annonarum</span> <span class='ocrx_word' id='word_1_335' title='bbox 1177 1986 1286 2016; x_wconf 88' lang='lat' dir='ltr'>debita</span> <span class='ocrx_word' id='word_1_336' title='bbox 1316 1985 1532 2016; x_wconf 87' lang='lat' dir='ltr'>redhibitione</span> <span class='ocrx_word' id='word_1_337' title='bbox 1564 1985 1768 2016; x_wconf 86' lang='lat' dir='ltr'>claudantur:</span> <span class='ocrx_word' id='word_1_338' title='bbox 1805 1996 1843 2016; x_wconf 92' lang='lat' dir='ltr'>ne</span> <span class='ocrx_word' id='word_1_339' title='bbox 1876 1989 2032 2026; x_wconf 85' lang='lat' dir='ltr'>cogantur</span> <span class='ocrx_word' id='word_1_340' title='bbox 2060 1985 2100 2015; x_wconf 90' lang='lat' dir='ltr'>de</span> 
     </span>
     <span class='ocr_line' id='line_1_39' title="bbox 455 2036 2101 2082; baseline -0.003 -11"><span class='ocrx_word' id='word_1_341' title='bbox 455 2042 560 2072; x_wconf 88' lang='lat' dir='ltr'>alieno</span> <span class='ocrx_word' id='word_1_342' title='bbox 591 2040 733 2082; x_wconf 85' lang='lat' dir='ltr'>pendere</span> <span class='ocrx_word' id='word_1_343' title='bbox 764 2039 908 2070; x_wconf 80' lang='lat' dir='ltr'>fastidio.</span> <span class='ocrx_word' id='word_1_344' title='bbox 938 2039 987 2069; x_wconf 82' lang='lat' dir='ltr'>cui</span> <span class='ocrx_word' id='word_1_345' title='bbox 1017 2039 1178 2080; x_wconf 87' lang='lat' dir='ltr'>piaculum</span> <span class='ocrx_word' id='word_1_346' title='bbox 1208 2042 1257 2068; x_wconf 86' lang='lat' dir='ltr'>est</span> <span class='ocrx_word' id='word_1_347' title='bbox 1287 2038 1337 2068; x_wconf 86' lang='lat' dir='ltr'>vel</span> <span class='ocrx_word' id='word_1_348' title='bbox 1367 2038 1515 2068; x_wconf 84' lang='lat' dir='ltr'>horarum</span> <span class='ocrx_word' id='word_1_349' title='bbox 1546 2037 1652 2078; x_wconf 85' lang='lat' dir='ltr'>aliquo</span> <span class='ocrx_word' id='word_1_350' title='bbox 1682 2048 1815 2068; x_wconf 85' lang='lat' dir='ltr'>vacasse</span> <span class='ocrx_word' id='word_1_351' title='bbox 1848 2040 2017 2067; x_wconf 89' lang='lat' dir='ltr'>momento.</span> <span class='ocrx_word' id='word_1_352' title='bbox 2064 2036 2101 2067; x_wconf 91' lang='lat' dir='ltr'>In</span> 
     </span>
     <span class='ocr_line' id='line_1_40' title="bbox 455 2089 2102 2132; baseline -0.002 -10"><span class='ocrx_word' id='word_1_353' title='bbox 455 2096 580 2123; x_wconf 77' lang='lat' dir='ltr'>tantuin</span> <span class='ocrx_word' id='word_1_354' title='bbox 606 2093 691 2122; x_wconf 90' lang='lat' dir='ltr'>enim</span> <span class='ocrx_word' id='word_1_355' title='bbox 717 2102 798 2132; x_wconf 87' lang='lat' dir='ltr'>quae</span> <span class='ocrx_word' id='word_1_356' title='bbox 824 2095 897 2121; x_wconf 88' lang='lat' dir='ltr'>sunt</span> <span class='ocrx_word' id='word_1_357' title='bbox 921 2091 1053 2121; x_wconf 85' lang='lat' dir='ltr'>decreta</span> <span class='ocrx_word' id='word_1_358' title='bbox 1078 2091 1223 2120; x_wconf 85' lang='lat' dir='ltr'>volumus</span> <span class='ocrx_word' id='word_1_359' title='bbox 1248 2090 1431 2120; x_wconf 88' lang='lat' dir='ltr'>firmissime</span> <span class='ocrx_word' id='word_1_360' title='bbox 1458 2089 1622 2127; x_wconf 71' lang='lat' dir='ltr'>custodiri,</span> <span class='ocrx_word' id='word_1_361' title='bbox 1647 2094 1681 2119; x_wconf 87' lang='lat' dir='ltr'>ut</span> <span class='ocrx_word' id='word_1_362' title='bbox 1707 2089 1732 2119; x_wconf 91' lang='lat' dir='ltr'>si</span> <span class='ocrx_word' id='word_1_363' title='bbox 1758 2089 1827 2130; x_wconf 90' lang='lat' dir='ltr'>quis</span> <span class='ocrx_word' id='word_1_364' title='bbox 1853 2089 1942 2119; x_wconf 88' lang='lat' dir='ltr'>cuius</span> <span class='ocrx_word' id='word_1_365' title='bbox 1967 2089 2102 2118; x_wconf 90' lang='lat' dir='ltr'>interest</span> 
     </span>
     <span class='ocr_line' id='line_1_41' title="bbox 457 2139 2103 2184; baseline -0.003 -10"><span class='ocrx_word' id='word_1_366' title='bbox 457 2143 665 2174; x_wconf 82' lang='lat' dir='ltr'>differendam</span> <span class='ocrx_word' id='word_1_367' title='bbox 684 2143 845 2184; x_wconf 81' lang='lat' dir='ltr'>putaverit</span> <span class='ocrx_word' id='word_1_368' title='bbox 864 2143 944 2173; x_wconf 80' lang='lat' dir='ltr'>lianc</span> <span class='ocrx_word' id='word_1_369' title='bbox 963 2143 1055 2184; x_wconf 83' lang='lat' dir='ltr'>quasi</span> <span class='ocrx_word' id='word_1_370' title='bbox 1073 2142 1214 2172; x_wconf 79' lang='lat' dir='ltr'>debitam</span> <span class='ocrx_word' id='word_1_371' title='bbox 1231 2142 1439 2177; x_wconf 66' lang='lat' dir='ltr'>functionem,</span> <span class='ocrx_word' id='word_1_372' title='bbox 1457 2145 1627 2182; x_wconf 85' lang='lat' dir='ltr'>procurato</span> <span class='ocrx_word' id='word_1_373' title='bbox 1645 2151 1733 2171; x_wconf 90' lang='lat' dir='ltr'>more</span> <span class='ocrx_word' id='word_1_374' title='bbox 1751 2151 1918 2170; x_wconf 86' lang='lat' dir='ltr'>usurarum</span> <span class='ocrx_word' id='word_1_375' title='bbox 1933 2139 2103 2181; x_wconf 86' lang='lat' dir='ltr'>dispendia</span> 
     </span>
    </p>
   </div>
   <div class='ocr_carea' id='block_1_15' title="bbox 435 2191 2102 2237">
    <p class='ocr_par' dir='ltr' id='par_1_15' title="bbox 435 2191 2102 2237">
     <span class='ocr_line' id='line_1_42' title="bbox 435 2191 2102 2237; baseline -0.002 -12"><span class='ocrx_word' id='word_1_376' title='bbox 435 2210 438 2218; x_wconf 83' lang='lat'>=</span> <span class='ocrx_word' id='word_1_377' title='bbox 458 2197 527 2237; x_wconf 82' lang='lat' dir='ltr'>ipsc</span> <span class='ocrx_word' id='word_1_378' title='bbox 549 2196 700 2236; x_wconf 73' lang='lat' dir='ltr'>patiatur.</span> <span class='ocrx_word' id='word_1_379' title='bbox 727 2195 778 2235; x_wconf 87' lang='lat' dir='ltr'>qui</span> <span class='ocrx_word' id='word_1_380' title='bbox 796 2195 878 2224; x_wconf 78' lang='lat' dir='ltr'>iusta</span> <span class='ocrx_word' id='word_1_381' title='bbox 897 2194 1064 2224; x_wconf 76' lang='lat' dir='ltr'>commoda.</span> <span class='ocrx_word' id='word_1_382' title='bbox 1081 2193 1288 2224; x_wconf 80' lang='lat' dir='ltr'>laudabiliter</span> <span class='ocrx_word' id='word_1_383' title='bbox 1304 2192 1527 2223; x_wconf 87' lang='lat' dir='ltr'>laborantibus</span> <span class='ocrx_word' id='word_1_384' title='bbox 1545 2192 1718 2234; x_wconf 84' lang='lat' dir='ltr'>plectenda</span> <span class='ocrx_word' id='word_1_385' title='bbox 1736 2192 1912 2234; x_wconf 86' lang='lat' dir='ltr'>eupiditate</span> <span class='ocrx_word' id='word_1_386' title='bbox 1931 2191 2102 2223; x_wconf 84' lang='lat' dir='ltr'>subtraxit.</span> 
     </span>
    </p>
   </div>
   <div class='ocr_carea' id='block_1_16' title="bbox 456 2243 2102 2339">
    <p class='ocr_par' dir='ltr' id='par_1_16' title="bbox 456 2243 2102 2339">
     <span class='ocr_line' id='line_1_43' title="bbox 456 2243 2102 2287; baseline -0.003 -10"><span class='ocrx_word' id='word_1_387' title='bbox 456 2247 539 2277; x_wconf 85' lang='lat' dir='ltr'>Nam</span> <span class='ocrx_word' id='word_1_388' title='bbox 572 2247 597 2276; x_wconf 82' lang='lat' dir='ltr'>si</span> <span class='ocrx_word' id='word_1_389' title='bbox 630 2257 707 2287; x_wconf 84' lang='lat' dir='ltr'>opes</span> <span class='ocrx_word' id='word_1_390' title='bbox 738 2250 864 2276; x_wconf 79' lang='lat' dir='ltr'>nostras</span> <span class='ocrx_word' id='word_1_391' title='bbox 896 2247 1054 2276; x_wconf 85' lang='lat' dir='ltr'>scaenicis</span> <span class='ocrx_word' id='word_1_392' title='bbox 1085 2257 1141 2287; x_wconf 86' lang='lat' dir='ltr'>pro</span> <span class='ocrx_word' id='word_1_393' title='bbox 1174 2245 1285 2286; x_wconf 89' lang='lat' dir='ltr'>populi</span> <span class='ocrx_word' id='word_1_394' title='bbox 1315 2245 1529 2275; x_wconf 86' lang='lat' dir='ltr'>oblectatione</span> <span class='ocrx_word' id='word_1_395' title='bbox 1559 2244 1714 2285; x_wconf 79' lang='lat' dir='ltr'>largimur</span> <span class='ocrx_word' id='word_1_396' title='bbox 1744 2248 1774 2274; x_wconf 87' lang='lat' dir='ltr'>et</span> <span class='ocrx_word' id='word_1_397' title='bbox 1804 2254 1842 2274; x_wconf 86' lang='lat' dir='ltr'>ea</span> <span class='ocrx_word' id='word_1_398' title='bbox 1872 2243 2102 2273; x_wconf 85' lang='lat' dir='ltr'>studiosissime</span> 
     </span>
     <span class='ocr_line' id='line_1_44' title="bbox 460 2295 2102 2339; baseline -0.002 -10"><span class='ocrx_word' id='word_1_399' title='bbox 460 2303 700 2339; x_wconf 80' lang='lat' dir='ltr'>consequuntur</span> <span class='ocrx_word' id='word_1_400' title='bbox 725 2299 777 2338; x_wconf 80' lang='lat' dir='ltr'>qui</span> <span class='ocrx_word' id='word_1_401' title='bbox 803 2298 883 2328; x_wconf 87' lang='lat' dir='ltr'>adeo</span> <span class='ocrx_word' id='word_1_402' title='bbox 907 2298 1081 2328; x_wconf 83' lang='lat' dir='ltr'>necessarii</span> <span class='ocrx_word' id='word_1_403' title='bbox 1108 2308 1170 2327; x_wconf 89' lang='lat' dir='ltr'>non</span> <span class='ocrx_word' id='word_1_404' title='bbox 1194 2297 1366 2329; x_wconf 85' lang='lat' dir='ltr'>habentur.</span> <span class='ocrx_word' id='word_1_405' title='bbox 1392 2300 1510 2337; x_wconf 88' lang='lat' dir='ltr'>quanto</span> <span class='ocrx_word' id='word_1_406' title='bbox 1536 2296 1638 2337; x_wconf 83' lang='lat' dir='ltr'>magis</span> <span class='ocrx_word' id='word_1_407' title='bbox 1663 2296 1725 2326; x_wconf 90' lang='lat' dir='ltr'>illis</span> <span class='ocrx_word' id='word_1_408' title='bbox 1751 2296 1818 2325; x_wconf 80' lang='lat' dir='ltr'>sine</span> <span class='ocrx_word' id='word_1_409' title='bbox 1837 2295 1991 2325; x_wconf 87' lang='lat' dir='ltr'>dilatione</span> <span class='ocrx_word' id='word_1_410' title='bbox 2010 2305 2102 2336; x_wconf 82' lang='lat' dir='ltr'>prae-</span> 
     </span>
    </p>
   </div>
   <div class='ocr_carea' id='block_1_17' title="bbox 567 2435 1484 2467">
    <p class='ocr_par' dir='ltr' id='par_1_17' title="bbox 567 2435 1484 2467">
     <span class='ocr_line' id='line_1_45' title="bbox 567 2435 1484 2467; baseline -0.001 -8"><span class='ocrx_word' id='word_1_411' title='bbox 567 2435 857 2467; x_wconf 61' lang='lat' dir='ltr'>lele&#39;E(E):H(Gl›</span> <span class='ocrx_word' id='word_1_412' title='bbox 877 2444 923 2458; x_wconf 66' lang='grc'><strong>0111.</strong></span> <span class='ocrx_word' id='word_1_413' title='bbox 942 2439 1044 2466; x_wconf 61' lang='grc' dir='ltr'><strong>[111101τί-</strong></span> <span class='ocrx_word' id='word_1_414' title='bbox 1063 2435 1079 2458; x_wconf 69' lang='grc' dir='ltr'>ὅ</span> <span class='ocrx_word' id='word_1_415' title='bbox 1099 2435 1260 2458; x_wconf 80' lang='lat' dir='ltr'>manitestum</span> <span class='ocrx_word' id='word_1_416' title='bbox 1279 2439 1315 2458; x_wconf 81' lang='lat' dir='ltr'>est</span> <span class='ocrx_word' id='word_1_417' title='bbox 1337 2448 1367 2451; x_wconf 76' lang='lat'>—-</span> <span class='ocrx_word' id='word_1_418' title='bbox 1388 2435 1484 2459; x_wconf 80' lang='lat' dir='ltr'>nutrire</span> 
     </span>
    </p>
   </div>
   <div class='ocr_carea' id='block_1_18' title="bbox 463 2509 2107 2761">
    <p class='ocr_par' dir='ltr' id='par_1_18' title="bbox 564 2509 2105 2545">
     <span class='ocr_line' id='line_1_46' title="bbox 564 2509 2105 2545; baseline -0.002 -8"><span class='ocrx_word' id='word_1_419' title='bbox 564 2514 579 2537; x_wconf 68' lang='lat'><strong>2</strong></span> <span class='ocrx_word' id='word_1_420' title='bbox 599 2511 784 2545; x_wconf 79' lang='lat' dir='ltr'>cognoscimur]</span> <span class='ocrx_word' id='word_1_421' title='bbox 813 2513 911 2544; x_wconf 70' lang='lat' dir='ltr'>scripsi,</span> <span class='ocrx_word' id='word_1_422' title='bbox 939 2512 1115 2543; x_wconf 77' lang='lat' dir='ltr'>cognoscimus</span> <span class='ocrx_word' id='word_1_423' title='bbox 1135 2512 1193 2535; x_wconf 70' lang='lat' dir='ltr'>libri</span> <span class='ocrx_word' id='word_1_424' title='bbox 1309 2512 1325 2536; x_wconf 85' lang='lat'>3</span> <span class='ocrx_word' id='word_1_425' title='bbox 1343 2512 1441 2535; x_wconf 82' lang='lat' dir='ltr'>debean</span> <span class='ocrx_word' id='word_1_426' title='bbox 1461 2511 1497 2535; x_wconf 86' lang='lat' dir='ltr'>B¹</span> <span class='ocrx_word' id='word_1_427' title='bbox 1611 2510 1628 2535; x_wconf 75' lang='grc'><strong>4</strong></span> <span class='ocrx_word' id='word_1_428' title='bbox 1646 2515 1739 2535; x_wconf 78' lang='lat' dir='ltr'>crescat</span> <span class='ocrx_word' id='word_1_429' title='bbox 1760 2510 1787 2534; x_wconf 81' lang='lat' dir='ltr'><em>F</em></span> <span class='ocrx_word' id='word_1_430' title='bbox 1896 2510 1912 2534; x_wconf 83' lang='lat'>5</span> <span class='ocrx_word' id='word_1_431' title='bbox 1931 2510 2047 2542; x_wconf 86' lang='lat' dir='ltr'>peruenit</span> <span class='ocrx_word' id='word_1_432' title='bbox 2065 2509 2105 2533; x_wconf 78' lang='grc' dir='ltr'>Ει</span> 
     </span>
    </p>

    <p class='ocr_par' dir='ltr' id='par_1_19' title="bbox 463 2552 2107 2717">
     <span class='ocr_line' id='line_1_47' title="bbox 463 2552 2104 2586; baseline -0.003 -5"><span class='ocrx_word' id='word_1_433' title='bbox 463 2556 477 2581; x_wconf 81' lang='grc'><strong>7</strong></span> <span class='ocrx_word' id='word_1_434' title='bbox 498 2558 634 2581; x_wconf 78' lang='lat' dir='ltr'>nudatione</span> <span class='ocrx_word' id='word_1_435' title='bbox 656 2556 682 2580; x_wconf 69' lang='lat' dir='ltr'>l&lt;</span> <span class='ocrx_word' id='word_1_436' title='bbox 790 2555 806 2579; x_wconf 74' lang='grc'>8</span> <span class='ocrx_word' id='word_1_437' title='bbox 826 2558 922 2579; x_wconf 62' lang='lat' dir='ltr'>sslmnia</span> <span class='ocrx_word' id='word_1_438' title='bbox 943 2555 971 2580; x_wconf 80' lang='lat' dir='ltr'>Z.</span> <span class='ocrx_word' id='word_1_439' title='bbox 990 2555 1116 2578; x_wconf 83' lang='lat' dir='ltr'>summina</span> <span class='ocrx_word' id='word_1_440' title='bbox 1140 2555 1199 2579; x_wconf 74' lang='lat' dir='ltr'>Par.</span> <span class='ocrx_word' id='word_1_441' title='bbox 1214 2557 1280 2578; x_wconf 62' lang='lat'>21⁸6</span> <span class='ocrx_word' id='word_1_442' title='bbox 1390 2554 1422 2578; x_wconf 84' lang='grc'>10</span> <span class='ocrx_word' id='word_1_443' title='bbox 1440 2555 1512 2586; x_wconf 79' lang='lat' dir='ltr'>glosa</span> <span class='ocrx_word' id='word_1_444' title='bbox 1531 2554 1561 2577; x_wconf 57' lang='grc' dir='ltr'>λ’</span> <span class='ocrx_word' id='word_1_445' title='bbox 1669 2554 1696 2578; x_wconf 86' lang='grc'>11</span> <span class='ocrx_word' id='word_1_446' title='bbox 1718 2554 1835 2578; x_wconf 73' lang='lat' dir='ltr'>famuliae</span> <span class='ocrx_word' id='word_1_447' title='bbox 1855 2553 1878 2576; x_wconf 85' lang='lat' dir='ltr'><em>B</em></span> <span class='ocrx_word' id='word_1_448' title='bbox 1985 2552 2015 2577; x_wconf 64' lang='lat'>1⁸2</span> <span class='ocrx_word' id='word_1_449' title='bbox 2035 2552 2104 2584; x_wconf 71' lang='lat' dir='ltr'>haee]</span> 
     </span>
     <span class='ocr_line' id='line_1_48' title="bbox 463 2596 2107 2629; baseline -0.002 -6"><span class='ocrx_word' id='word_1_450' title='bbox 463 2602 509 2624; x_wconf 77' lang='lat' dir='ltr'>boe</span> <span class='ocrx_word' id='word_1_451' title='bbox 525 2601 547 2623; x_wconf 47' lang='grc'>1-1</span> <span class='ocrx_word' id='word_1_452' title='bbox 642 2599 672 2623; x_wconf 75' lang='grc'>14</span> <span class='ocrx_word' id='word_1_453' title='bbox 692 2599 850 2622; x_wconf 83' lang='lat' dir='ltr'>dulcissimos</span> <span class='ocrx_word' id='word_1_454' title='bbox 864 2598 902 2621; x_wconf 74' lang='grc' dir='ltr'>Ει</span> <span class='ocrx_word' id='word_1_455' title='bbox 969 2602 1141 2629; x_wconf 77' lang='lat' dir='ltr'>congruentur</span> <span class='ocrx_word' id='word_1_456' title='bbox 1157 2598 1203 2623; x_wconf 58' lang='grc' dir='ltr'>ΕΙ.</span> <span class='ocrx_word' id='word_1_457' title='bbox 1223 2599 1422 2629; x_wconf 67' lang='lat' dir='ltr'>congruentibus</span> <span class='ocrx_word' id='word_1_458' title='bbox 1437 2598 1458 2621; x_wconf 68' lang='grc' dir='ltr'>Δ1</span> <span class='ocrx_word' id='word_1_459' title='bbox 1557 2597 1586 2621; x_wconf 71' lang='grc'>15</span> <span class='ocrx_word' id='word_1_460' title='bbox 1604 2596 1775 2629; x_wconf 79' lang='lat' dir='ltr'>grammatica]</span> <span class='ocrx_word' id='word_1_461' title='bbox 1796 2602 1832 2621; x_wconf 75' lang='lat' dir='ltr'>est</span> <span class='ocrx_word' id='word_1_462' title='bbox 1852 2606 1888 2629; x_wconf 76' lang='lat' dir='ltr'>gr.</span> <span class='ocrx_word' id='word_1_463' title='bbox 1904 2598 1924 2620; x_wconf 71' lang='grc'>,1</span> <span class='ocrx_word' id='word_1_464' title='bbox 2016 2597 2046 2621; x_wconf 76' lang='lat'>16</span> <span class='ocrx_word' id='word_1_465' title='bbox 2065 2605 2107 2620; x_wconf 82' lang='lat' dir='ltr'>ex-</span> 
     </span>
     <span class='ocr_line' id='line_1_49' title="bbox 465 2638 2106 2673; baseline -0.002 -6"><span class='ocrx_word' id='word_1_466' title='bbox 465 2644 609 2667; x_wconf 77' lang='lat' dir='ltr'>citationem</span> <span class='ocrx_word' id='word_1_467' title='bbox 624 2642 663 2666; x_wconf 80' lang='lat' dir='ltr'>B&#39;</span> <span class='ocrx_word' id='word_1_468' title='bbox 762 2641 792 2666; x_wconf 73' lang='lat'>17</span> <span class='ocrx_word' id='word_1_469' title='bbox 814 2640 872 2672; x_wconf 80' lang='lat' dir='ltr'>uon]</span> <span class='ocrx_word' id='word_1_470' title='bbox 893 2650 960 2665; x_wconf 59' lang='lat' dir='ltr'>non*</span> <span class='ocrx_word' id='word_1_471' title='bbox 970 2654 997 2665; x_wconf 49' lang='grc' dir='ltr'>ι</span> <span class='ocrx_word' id='word_1_472' title='bbox 1012 2641 1036 2664; x_wconf 72' lang='lat' dir='ltr'><em>B</em></span> <span class='ocrx_word' id='word_1_473' title='bbox 1095 2642 1207 2665; x_wconf 74' lang='lat' dir='ltr'>noscitur</span> <span class='ocrx_word' id='word_1_474' title='bbox 1221 2641 1247 2664; x_wconf 76' lang='lat' dir='ltr'><em>F</em></span> <span class='ocrx_word' id='word_1_475' title='bbox 1338 2641 1369 2665; x_wconf 63' lang='lat'>18</span> <span class='ocrx_word' id='word_1_476' title='bbox 1388 2642 1500 2672; x_wconf 77' lang='lat' dir='ltr'>reliquae</span> <span class='ocrx_word' id='word_1_477' title='bbox 1515 2641 1588 2664; x_wconf 65' lang='lat' dir='ltr'>EFA</span> <span class='ocrx_word' id='word_1_478' title='bbox 1645 2649 1708 2673; x_wconf 84' lang='lat' dir='ltr'>gens</span> <span class='ocrx_word' id='word_1_479' title='bbox 1727 2641 1803 2664; x_wconf 87' lang='lat' dir='ltr'>babet</span> <span class='ocrx_word' id='word_1_480' title='bbox 1818 2640 1846 2663; x_wconf 82' lang='lat' dir='ltr'><strong><em>K</em></strong></span> <span class='ocrx_word' id='word_1_481' title='bbox 1932 2639 1963 2663; x_wconf 67' lang='lat'>19</span> <span class='ocrx_word' id='word_1_482' title='bbox 1983 2640 2052 2663; x_wconf 89' lang='lat' dir='ltr'>ciuili</span> <span class='ocrx_word' id='word_1_483' title='bbox 2062 2638 2106 2663; x_wconf 77' lang='lat' dir='ltr'>Bb</span> 
     </span>
     <span class='ocr_line' id='line_1_50' title="bbox 517 2682 2107 2717; baseline -0.002 -9"><span class='ocrx_word' id='word_1_484' title='bbox 517 2684 586 2717; x_wconf 67' lang='lat' dir='ltr'>iuris]</span> <span class='ocrx_word' id='word_1_485' title='bbox 607 2693 727 2709; x_wconf 78' lang='lat' dir='ltr'>numerus</span> <span class='ocrx_word' id='word_1_486' title='bbox 743 2684 770 2707; x_wconf 69' lang='lat' dir='ltr'>J&lt;</span> <span class='ocrx_word' id='word_1_487' title='bbox 874 2683 907 2707; x_wconf 69' lang='grc'>21)</span> <span class='ocrx_word' id='word_1_488' title='bbox 926 2684 1082 2707; x_wconf 69' lang='lat' dir='ltr'>dissertitudo</span> <span class='ocrx_word' id='word_1_489' title='bbox 1097 2684 1120 2706; x_wconf 80' lang='lat' dir='ltr'><em>R</em></span> <span class='ocrx_word' id='word_1_490' title='bbox 1191 2688 1215 2707; x_wconf 85' lang='lat' dir='ltr'>ct</span> <span class='ocrx_word' id='word_1_491' title='bbox 1234 2694 1279 2707; x_wconf 75' lang='lat' dir='ltr'>om.</span> <span class='ocrx_word' id='word_1_492' title='bbox 1299 2684 1340 2707; x_wconf 70' lang='lat' dir='ltr'>Ix&#39;a</span> <span class='ocrx_word' id='word_1_493' title='bbox 1442 2683 1474 2708; x_wconf 73' lang='lat'>‘24</span> <span class='ocrx_word' id='word_1_494' title='bbox 1493 2682 1680 2715; x_wconf 80' lang='lat' dir='ltr'>imminuendis]</span> <span class='ocrx_word' id='word_1_495' title='bbox 1701 2683 1844 2707; x_wconf 81' lang='lat' dir='ltr'>minuendis</span> <span class='ocrx_word' id='word_1_496' title='bbox 1859 2682 1911 2706; x_wconf 82' lang='lat' dir='ltr'>EF</span> <span class='ocrx_word' id='word_1_497' title='bbox 1977 2686 2054 2706; x_wconf 79' lang='lat' dir='ltr'>semet</span> <span class='ocrx_word' id='word_1_498' title='bbox 2067 2682 2107 2705; x_wconf 75' lang='grc' dir='ltr'>Β1</span> 
     </span>
    </p>

    <p class='ocr_par' dir='ltr' id='par_1_20' title="bbox 463 2723 2107 2761">
     <span class='ocr_line' id='line_1_51' title="bbox 463 2723 2107 2761; baseline -0.004 -8"><span class='ocrx_word' id='word_1_499' title='bbox 463 2729 495 2753; x_wconf 73' lang='grc'>27</span> <span class='ocrx_word' id='word_1_500' title='bbox 516 2729 643 2761; x_wconf 82' lang='lat' dir='ltr'>parciatur</span> <span class='ocrx_word' id='word_1_501' title='bbox 666 2728 701 2751; x_wconf 81' lang='grc' dir='ltr'>Ει</span> <span class='ocrx_word' id='word_1_502' title='bbox 783 2731 859 2758; x_wconf 76' lang='lat' dir='ltr'>atque</span> <span class='ocrx_word' id='word_1_503' title='bbox 879 2727 1079 2750; x_wconf 70' lang='lat' dir='ltr'>custodientibus</span> <span class='ocrx_word' id='word_1_504' title='bbox 1099 2736 1146 2750; x_wconf 76' lang='lat' dir='ltr'>om.</span> <span class='ocrx_word' id='word_1_505' title='bbox 1169 2727 1191 2749; x_wconf 81' lang='grc' dir='ltr'><em>Β</em></span> <span class='ocrx_word' id='word_1_506' title='bbox 1304 2726 1337 2751; x_wconf 72' lang='lat'>&#39;28</span> <span class='ocrx_word' id='word_1_507' title='bbox 1357 2727 1471 2758; x_wconf 83' lang='lat' dir='ltr'>paciatur</span> <span class='ocrx_word' id='word_1_508' title='bbox 1492 2727 1518 2750; x_wconf 79' lang='lat' dir='ltr'><em>K</em></span> <span class='ocrx_word' id='word_1_509' title='bbox 1591 2727 1666 2751; x_wconf 88' lang='lat' dir='ltr'>urbes</span> <span class='ocrx_word' id='word_1_510' title='bbox 1686 2726 1728 2750; x_wconf 79' lang='lat' dir='ltr'>Ba</span> <span class='ocrx_word' id='word_1_511' title='bbox 1841 2724 1873 2749; x_wconf 74' lang='lat'>29</span> <span class='ocrx_word' id='word_1_512' title='bbox 1893 2723 1960 2756; x_wconf 80' lang='lat' dir='ltr'>mox]</span> <span class='ocrx_word' id='word_1_513' title='bbox 1982 2724 2030 2750; x_wconf 79' lang='lat' dir='ltr'>B1,</span> <span class='ocrx_word' id='word_1_514' title='bbox 2051 2732 2107 2748; x_wconf 82' lang='lat' dir='ltr'>mox</span> 
     </span>
    </p>
   </div>
   <div class='ocr_carea' id='block_1_19' title="bbox 466 2767 2107 2803">
    <p class='ocr_par' dir='ltr' id='par_1_21' title="bbox 466 2767 2107 2803">
     <span class='ocr_line' id='line_1_52' title="bbox 466 2767 2107 2803; baseline -0.004 -7"><span class='ocrx_word' id='word_1_515' title='bbox 466 2777 492 2797; x_wconf 88' lang='lat' dir='ltr'>ut</span> <span class='ocrx_word' id='word_1_516' title='bbox 507 2773 596 2803; x_wconf 72' lang='lat' dir='ltr'>reliqui</span> <span class='ocrx_word' id='word_1_517' title='bbox 661 2769 780 2802; x_wconf 82' lang='lat' dir='ltr'>exempti]</span> <span class='ocrx_word' id='word_1_518' title='bbox 800 2770 897 2801; x_wconf 80' lang='lat' dir='ltr'>excepti</span> <span class='ocrx_word' id='word_1_519' title='bbox 910 2769 978 2793; x_wconf 59' lang='lat' dir='ltr'>EssF</span> <span class='ocrx_word' id='word_1_520' title='bbox 1068 2768 1101 2792; x_wconf 69' lang='lat'>32</span> <span class='ocrx_word' id='word_1_521' title='bbox 1120 2770 1228 2800; x_wconf 81' lang='lat' dir='ltr'>pondere</span> <span class='ocrx_word' id='word_1_522' title='bbox 1239 2770 1266 2792; x_wconf 65' lang='lat' dir='ltr'><em>X</em></span> <span class='ocrx_word' id='word_1_523' title='bbox 1355 2769 1388 2793; x_wconf 77' lang='grc'>34</span> <span class='ocrx_word' id='word_1_524' title='bbox 1407 2775 1541 2801; x_wconf 76' lang='lat' dir='ltr'>procurato</span> <span class='ocrx_word' id='word_1_525' title='bbox 1561 2768 1637 2801; x_wconf 77' lang='lat' dir='ltr'>more]</span> <span class='ocrx_word' id='word_1_526' title='bbox 1659 2779 1701 2801; x_wconf 81' lang='lat' dir='ltr'>pro</span> <span class='ocrx_word' id='word_1_527' title='bbox 1715 2778 1775 2793; x_wconf 80' lang='lat' dir='ltr'>cura</span> <span class='ocrx_word' id='word_1_528' title='bbox 1791 2777 1874 2792; x_wconf 81' lang='lat' dir='ltr'>morae</span> <span class='ocrx_word' id='word_1_529' title='bbox 1888 2768 1972 2791; x_wconf 73' lang='grc' dir='ltr'>ηιιιῖῐηι</span> <span class='ocrx_word' id='word_1_530' title='bbox 2040 2767 2107 2790; x_wconf 77' lang='lat' dir='ltr'>‹h&#39;sti-</span> 
     </span>
    </p>
   </div>
   <div class='ocr_carea' id='block_1_20' title="bbox 467 2809 2109 2847">
    <p class='ocr_par' dir='ltr' id='par_1_22' title="bbox 467 2809 2109 2847">
     <span class='ocr_line' id='line_1_53' title="bbox 467 2809 2109 2847; baseline -0.004 -8"><span class='ocrx_word' id='word_1_531' title='bbox 467 2816 555 2847; x_wconf 84' lang='lat' dir='ltr'>pendia</span> <span class='ocrx_word' id='word_1_532' title='bbox 572 2816 594 2838; x_wconf 66' lang='lat' dir='ltr'>In&#39;</span> <span class='ocrx_word' id='word_1_533' title='bbox 674 2815 706 2839; x_wconf 65' lang='lat'>343</span> <span class='ocrx_word' id='word_1_534' title='bbox 725 2813 777 2846; x_wconf 80' lang='lat' dir='ltr'>qui]</span> <span class='ocrx_word' id='word_1_535' title='bbox 797 2815 855 2845; x_wconf 77' lang='lat' dir='ltr'>quia</span> <span class='ocrx_word' id='word_1_536' title='bbox 866 2813 983 2838; x_wconf 66' lang='lat' dir='ltr'>K&#39;2EFA</span> <span class='ocrx_word' id='word_1_537' title='bbox 1043 2814 1186 2839; x_wconf 83' lang='lat' dir='ltr'>landabiter</span> <span class='ocrx_word' id='word_1_538' title='bbox 1203 2815 1226 2838; x_wconf 79' lang='lat' dir='ltr'><em>B</em></span> <span class='ocrx_word' id='word_1_539' title='bbox 1311 2813 1343 2837; x_wconf 67' lang='grc'>311</span> <span class='ocrx_word' id='word_1_540' title='bbox 1363 2811 1539 2843; x_wconf 74' lang='lat' dir='ltr'>oblectatione]</span> <span class='ocrx_word' id='word_1_541' title='bbox 1559 2813 1706 2836; x_wconf 77' lang='lat' dir='ltr'>collectione</span> <span class='ocrx_word' id='word_1_542' title='bbox 1722 2813 1743 2835; x_wconf 69' lang='lat' dir='ltr'><em>A</em></span> <span class='ocrx_word' id='word_1_543' title='bbox 1831 2810 1862 2835; x_wconf 79' lang='lat'>37</span> <span class='ocrx_word' id='word_1_544' title='bbox 1882 2812 1936 2835; x_wconf 78' lang='lat' dir='ltr'>sine</span> <span class='ocrx_word' id='word_1_545' title='bbox 1949 2810 1991 2833; x_wconf 86' lang='lat' dir='ltr'>dil.</span> <span class='ocrx_word' id='word_1_546' title='bbox 2007 2810 2040 2834; x_wconf 87' lang='lat' dir='ltr'>ill.</span> <span class='ocrx_word' id='word_1_547' title='bbox 2056 2809 2109 2833; x_wconf 75' lang='lat' dir='ltr'>NK</span> 
     </span>
    </p>
   </div>
  </div>
 </body>
</html>
